1898 3256
363 203 445 242 282
830 204 916 244 AN
921 203 1248 245 NOTATION
1252 203 1323 243 ES

416 311 768 368 περσονομοῦνται]
801 314 934 355 Schol.
966 314 1175 364 recentior,
1213 315 1308 354 κατὰ
1336 313 1424 356 τοὺς
1455 316 1622 366 Περσῶν
1656 315 1794 365 νόμους

361 377 575 431 διάγουσιν.

416 446 511 499 586.
535 446 602 486 οὐκ
624 446 694 500 ἔτι]
716 446 792 487 οὐδ’
815 448 871 488 ἔτι
889 449 951 488 Μ.
970 447 1119 503 aliique
1140 447 1337 497 nonnulli,
1354 456 1395 488 et
1414 464 1475 500 γρ.
1496 446 1573 487 οὐδ’
1596 446 1651 487 ἔτι
1669 460 1790 486 anno·

360 520 490 552 tatum
512 512 552 552 in
574 514 685 554 A.B.

415 580 748 635 δασμοφοροῦσιν]
775 582 993 622 Tributum
1024 583 1214 622 recidunt.
1265 580 1410 621 Minus
1438 590 1545 620 recte
1574 579 1791 635 Etymolo-

356 659 435 699 gus
454 660 493 701 p.
519 659 614 698 249,
636 659 659 700 3
673 660 703 686 1.
726 651 988 700 δασμοφορεῖν
1009 649 1186 704 explicat
1206 647 1350 700 φόρους
1369 645 1602 698 λαμβάνειν.
1653 647 1790 686 Hero-

357 710 443 752 dot.
468 713 509 761 6,
529 714 599 763 48.
621 714 768 756 ἄλλους
788 716 830 754 δὲ
851 714 1012 767 κήρυκας
1037 715 1222 766 διέπεμπε
1252 717 1292 757 ἐς
1321 716 1389 756 τὰς
1420 715 1561 753 ἑωϋτοΰ
1587 711 1789 765 δασμοφό-

355 795 445 830 ρους
476 777 614 822 πόλιας
652 781 718 822 τὰς
751 782 1109 832 παραθαλασσίους.
1166 781 1270 822 Vide
1303 782 1391 821 loca
1428 780 1480 820 ab
1514 780 1629 820 AEm.
1662 780 1790 819 Porto

355 844 490 895 citata,
513 846 617 886 Lex.
641 846 731 886 Ion.
751 846 791 886 in
814 862 924 887 voce.
965 847 1111 898 δασμός
1129 848 1386 904 peculiariter
1405 847 1456 888 de
1477 849 1693 887 Persarum
1714 845 1788 887 tri-

355 911 465 952 butis
494 913 606 968 apud
637 922 821 953 auctores
845 914 1013 954 Graecos
1041 915 1230 969 ponitur:
1263 915 1346 956 vid.
1370 914 1567 970 Xenoph.
1589 913 1726 954 Anab.
1753 926 1789 963 Ι,

358 992 397 1029 1,
421 980 460 1019 8.
492 981 720 1021 BLOMF.

409 1046 505 1100 587.
538 1047 840 1087 δεσποσύνοισιν
860 1046 1060 1102 ἀνάγκαις]
1086 1048 1409 1088 Necessitatibus
1437 1063 1527 1104 qzcae
1544 1042 1582 1088 'a
1613 1048 1789 1088 dominis

353 1113 637 1168 imponuntur.
683 1113 831 1169 Eurip.
869 1113 1072 1155 Androm.
1109 1127 1200 1168 13¹.
1239 1116 1279 1155 τί
1310 1131 1374 1155 σοι
1413 1115 1542 1167 καιρὸς
1580 1114 1790 1169 ἀτυζομένα

354 1178 472 1230 δέμας
521 1180 694 1221 αἷκέλιον
743 1181 992 1231 καταλείβειν
1033 1185 1248 1222 Δεσποτῶν
1297 1180 1482 1234 ἀνάγκαις
1497 1200 1507 1229 3
1559 1182 1787 1223 BLOMF.

355 1248 656 1288 δεσποσύνοισιν
678 1249 743 1288 Μ.
763 1247 912 1302 aliique
933 1247 1051 1288 multi
1071 1263 1163 1288 cum
1188 1248 1328 1304 Steph.
1379 1250 1667 1304 δεσποσύνῃσιν
1687 1248 1787 1289 Ald.

355 1313 463 1353 Rob.
487 1315 621 1355 Turn.

409 1380 508 1433 588.
531 1381 628 1436 οὔτ’]
654 1381 923 1423 Scribendum
945 1381 1021 1423 οὐδ’
1043 1397 1134 1423 cum
1158 1381 1382 1423 Brunckio.

407 1449 683 1498 προπίτνοντες
703 1450 753 1490 Β.
785 1450 1087 1501 προσπίτνοντες
1107 1449 1247 1505 vulgo,
1269 1450 1344 1490 nisi
1364 1449 1476 1504 quod
1499 1450 1788 1501 προσπίτνοντα

351 1513 461 1554 Rob.
491 1516 799 1566 προσπίπτοντες
818 1515 973 1570 aliquot
993 1516 1111 1557 codd.
1141 1520 1453 1568 προσπιτνῶντες
1474 1516 1606 1556 Viteb.
1640 1544 1642 1546 -

407 1582 504 1636 589.
543 1583 750 1636 βασιλεία]
789 1584 979 1634 βασίλεια
1017 1582 1154 1638 vulgo.
1207 1582 1396 1623 Correxit
1435 1582 1702 1623 Blomfieldus
1735 1598 1785 1623 ex

350 1648 612 1689 annotatione
647 1649 882 1700 scholiastae,
913 1652 961 1690 τᾶ
995 1653 1150 1690 τοιαῦτα
1179 1648 1307 1690 πάντα
1338 1652 1492 1701 κτητικδι
1524 1650 1672 1702 μακρὸν
1704 1650 1788 1703 ἔχει

351 1715 395 1755 τὸ
416 1732 452 1755 α.
513 1716 614 1756 Post
632 1717 822 1767 βασίλεια
847 1716 888 1756 in
911 1717 1035 1757 L.M.
1065 1716 1259 1757 insertum
1289 1717 1312 1767 ἡ
1341 1716 1531 1768 βασιλικὴ
1560 1731 1612 1757 ex
1639 1716 1787 1772 glosse—

352 1790 473 1823 mate.

407 1859 506 1903 591.
527 1850 606 1890 οὗδ’
627 1850 698 1904 ἔτι]
720 1849 809 1891 οὐδέ
828 1867 864 1891 τι
885 1851 992 1891 Rob.
1024 1850 1113 1891 οὐδέ
1131 1867 1190 1891 τοι
1209 1849 1294 1890 duo
1313 1850 1431 1891 codd.
1463 1851 1530 1891 οὐκ
1552 1851 1607 1891 ἔτι
1627 1850 1762 1892 Viteb.

405 1926 503 1970 595.
524 1917 692 1969 ἄρουραν
713 1918 932 1957 Porsonus.
983 1917 1221 1973 Legebatur
1241 1918 1395 1969 ἄρουρα.

405 1984 502 2037 596.
530 1984 782 2038 περικλύστα]
815 1984 1028 2024 Homerid.
1065 1985 1224 2039 Hymn.
1254 1984 1296 2024 in
1331 1983 1475 2039 Apoll.
1509 1983 1601 2025 181.
1637 1983 1786 2035 Δήλοιο

350 2051 616 2102 περικλύστης.
666 2051 888 2107 Ephippus
917 2066 982 2106 ap.
1004 2051 1160 2092 Athen.
1185 2051 1224 2092 8.
1254 2066 1294 2106 p.
1315 2052 1413 2105 346.
1435 2052 1484 2092 F.
1512 2054 1578 2102 τῆς
1606 2053 1786 2104 περικλύ-

351 2133 445 2157 στου
466 2116 496 2157 δ’
518 2117 630 2159 ἁλίας
651 2117 810 2170 Κρήτης.
870 2119 935 2158 De
962 2117 1155 2158 feminina
1178 2117 1309 2157 forma
1328 2118 1564 2169 περικλύστα
1581 2117 1661 2158 vid.
1684 2119 1786 2159 Por-
1862 2120 1865 2123 ’

351 2198 434 2223 son.
456 2183 508 2223 ad
539 2184 686 2239 Eurip.
710 2185 829 2226 Med.
852 2186 947 2226 822.
999 2185 1192 2224 Ceterum
1225 2183 1451 2224 Simonides
1479 2183 1519 2224 in
1551 2184 1696 2239 Epigr.
1718 2200 1783 2239 ap.

351 2249 561 2291 Plutarch.
583 2252 694 2291 Mor.
725 2266 765 2307 p.
790 2252 883 2303 870.
905 2252 956 2291 E.
979 2251 1030 2291 de
1052 2250 1274 2291 Corinthiis
1298 2250 1369 2304 qui
1395 2265 1536 2305 pugna
1567 2250 1785 2292 Salaminia

349 2316 656 2368 interciderunt,
707 2322 794 2359 Νῦν
843 2318 873 2359 δ’
924 2319 1015 2369 ἄμμ’
1063 2319 1228 2360 Αἴαντος
1283 2321 1403 2360 νᾶσος
1460 2317 1543 2370 ἔχει
1596 2316 1782 2371 Σάλαμις.

352 2384 581 2425 BLOMF.

406 2462 503 2505 597.
526 2452 710 2506 Περσῶν]
733 2451 1001 2492 Scribendum
1024 2455 1185 2505 Περσᾶν
1204 2466 1296 2493 oum
1326 2451 1580 2493 Blomfieldo.
1624 2454 1784 2504 σώματα

350 2518 554 2573 adjectum
576 2518 615 2557 in
639 2518 747 2559 Rob.
771 2533 821 2559 ex
841 2519 1005 2559 scholio.

405 2584 501 2638 598.
534 2584 711 2636 ἔμπειρος
744 2586 796 2624 L.
827 2585 1062 2641 Cantabrig.
1096 2596 1283 2641 uterque,
1319 2585 1458 2626 Guelf.
1492 2586 1711 2627 Lambeth.
1742 2597 1783 2628 et

349 2651 458 2691 Rob.
502 2650 616 2690 Libri
637 2650 781 2706 reliqui
804 2651 980 2704 ἔμπορος,
1001 2651 1112 2707 quod
1136 2662 1344 2707 utcunque
1362 2652 1536 2708 explicat
1555 2652 1780 2704 scholiasta,

349 2718 514 2769 ἔμπορος
532 2721 608 2757 τῶν
629 2722 764 2765 κακῶν,
785 2718 906 2771 ἤγουν
927 2719 1106 2770 ἐμπλέων
1124 2723 1203 2762 τοῖς
1224 2723 1362 2762 κακοῖς.

408 2785 502 2824 601.
526 2784 654 2839 εὐροῇ]
676 2785 824 2837 εὐροεῖν
844 2785 992 2826 dicitur
1011 2786 1191 2834 fortuna,
1213 2801 1340 2840 quum
1363 2801 1426 2826 res
1451 2787 1507 2826 ad
1535 2786 1781 2826 voluntatem

349 2858 533 2892 nostram
537 2853 700 2905 fluunt,
724 2852 959 2907 metaphora
973 2862 1113 2908 postea
1132 2868 1156 2893 a
1178 2852 1322 2893 Stoicis
1342 2852 1558 2908 saepissime
1581 2851 1778 2893 adhibita.
