1898 3256
277 740 622 796 SEPTEM
659 736 1104 793 ADVERSUS
1143 733 1502 790 THEBAS.

514 1069 568 1119 C.
589 1069 649 1118 G.
667 1069 904 1119 Schuetzii
925 1069 1269 1134 Proleyomena.

161 1208 386 1272 LAIUS,
411 1223 598 1265 Labdaci
618 1223 745 1275 filius,
769 1240 841 1266 rex
864 1223 1181 1273 Thebanorum,
1199 1223 1411 1262 Jocastam
1421 1230 1455 1269 ὃ,
1478 1233 1624 1260 secun-

158 1290 261 1332 dum
284 1291 488 1347 quosdam
518 1291 750 1342 Creontisb‚
783 1292 1012 1334 secundum
1042 1291 1144 1333 alios
1176 1289 1406 1331 Menoeceic
1426 1287 1551 1329 filiam
1584 1287 1625 1328 in

160 1358 469 1400 matrimonium
489 1358 624 1401 duxit.
686 1360 958 1417 Epimenides
988 1359 1113 1401 verod
1143 1373 1239 1400 eum
1263 1356 1516 1414 Eurycleam
1538 1356 1626 1398 Ec-

160 1427 327 1483 phantis
355 1427 479 1469 filiam
511 1427 680 1469 duxisse
707 1427 903 1476 tradidit;
935 1428 1004 1469 alii
1037 1437 1276 1483 utramque,
1302 1424 1555 1482 Eurycleam
1586 1433 1629 1465 et

159 1495 392 1545 Jocastam,
413 1509 564 1537 uxores
583 1495 790 1538 habuisse.

218 1564 362 1614 Quum
400 1563 528 1620 igitur
563 1564 696 1605 Laius
734 1564 852 1621 prole
886 1563 1129 1621 conjugium
1169 1576 1308 1604 carere
1345 1575 1456 1618 aegre
1492 1560 1630 1602 ferens

162 1630 371 1687 Apollinis
390 1631 603 1674 oraculum
625 1631 911 1683 consuluisset,
935 1645 1181 1688 responsum
1201 1629 1310 1681 tulit,
1331 1629 1448 1686 quod
1477 1644 1573 1670 eum
1604 1643 1630 1669 a

161 1698 426 1754 procreandis
453 1699 593 1741 liberis
621 1699 879 1742 absterreret.
941 1698 1170 1755 AEschylus
1200 1707 1263 1740 ter
1291 1712 1389 1739 eum
1423 1696 1627 1738 monitum

161 1766 216 1808 ab
235 1767 403 1808 oraculo
422 1782 509 1808 esse
527 1767 663 1824 fingit,
685 1767 718 1809 si
738 1767 825 1809 sine
845 1767 985 1809 liberis
1004 1775 1247 1816 moreretur,
1269 1764 1445 1822 patriam
1474 1763 1629 1805 salvam

162 1833 264 1876 fore.
324 1834 413 1876 Alii
432 1834 584 1876 diserte
608 1835 646 1876 ei
675 1834 921 1891 praedictum
946 1843 1189 1885 memorant,
1209 1833 1243 1874 si
1263 1833 1395 1874 filium
1423 1832 1628 1889 gigneret,

162 1919 274 1954 eum,
296 1903 370 1960 qui
390 1903 624 1945 nasciturus
643 1911 749 1945 esset
778 1902 1024 1959 parricidam
1055 1902 1246 1943 futurum
1255 1910 1286 1943 θ.
1345 1900 1485 1943 Addit
1503 1897 1630 1943 etiam

164 1971 427 2028 Euripidesf,
448 1971 681 2013 universam
703 1972 795 2028 ejus
815 1971 985 2013 domum
1007 1970 1323 2027 sanguinolenta
1347 1969 1461 2012 caede
1485 1969 1627 2012 interi-

165 2050 317 2082 turam.

222 2109 387 2158 Causae,
421 2122 498 2149 cur
529 2107 696 2149 oraculo
729 2122 812 2149 non
848 2106 1032 2164 paruerit
1066 2105 1210 2157 Laius,
1248 2106 1359 2147 varie
1390 2117 1625 2149 narrantur.

163 2172 374 2215 Oblivioni
413 2172 628 2215 Diodorus
664 2172 831 2230 culpam
871 2172 1069 2221 tribuitg;
1117 2171 1347 2229 Euripides
1385 2172 1548 2214 libidini
1586 2183 1628 2215 et

162 2241 407 2290 ebrietatih;
443 2241 730 2298 Apollodorus
767 2256 938 2298 quoque
974 2254 1050 2298 per
1086 2239 1328 2282 ebrietatem
1362 2255 1458 2281 cum
1497 2257 1628 2284 uxore

163 2309 432 2352 concubuisse
465 2309 620 2352 scribit.
681 2311 746 2352 At
781 2309 1024 2367 AEschylus,
1060 2308 1176 2350 malis
1208 2318 1251 2351 et
1289 2308 1628 2366 imprudentibus

163 2377 390 2419 amicorum
422 2377 600 2419 consiliis
637 2388 873 2435 permotum
913 2393 1015 2428 esse,
1047 2386 1095 2419 ut
1129 2376 1344 2419 oraculum
1385 2377 1624 2434 negligeret.

166 2446 264 2486 Non
282 2444 508 2487 defuerunt
527 2454 680 2496 tamen,
702 2446 776 2502 qui
806 2446 903 2488 Laii
930 2445 1085 2487 caedem
1105 2460 1131 2486 a
1151 2445 1320 2501 Pelopis
1339 2445 1440 2487 diris
1469 2457 1627 2503 repete-

165 2523 272 2561 rent,
292 2512 447 2568 quibus
475 2512 542 2554 hic
570 2513 703 2565 illum,
732 2513 817 2555 filio
838 2513 1095 2571 Chrysipp0‚
1116 2512 1239 2568 cujus
1267 2527 1406 2554 amore
1435 2512 1627 2558 incensus

165 2588 283 2631 esset,
304 2590 438 2636 rapto,
459 2580 690 2623 devovisset
699 2581 720 2623 ῑ.

224 2648 384 2689 Natum
415 2647 492 2689 sibi
522 2663 545 2689 e
574 2649 742 2690 Jocasta
763 2647 981 2698 infantem,
1007 2647 1139 2689 Laius
1166 2647 1321 2703 pastori
1351 2648 1516 2690 cuidam
1544 2658 1627 2692 tra-

159 2715 282 2772 jectis
310 2715 443 2757 ferrea
471 2715 601 2757 fibula
629 2715 807 2772 pedibus
835 2715 1129 2772 exponendum
1155 2714 1286 2765 dedit,
1306 2730 1331 2756 a
1352 2730 1438 2771 quo
1456 2717 1626 2772 quidem

210 2849 229 2868 a
243 2842 328 2873 Aliis
342 2841 536 2882 Epioemm‚
552 2841 686 2873 Homer.
700 2841 885 2881 Apollodor.
903 2850 932 2881 3,
950 2851 979 2880 5,
995 2848 1024 2881 7.
1113 2842 1131 2866 b
1149 2840 1244 2872 Diod.
1262 2841 1323 2872 Sic.
1340 2851 1371 2880 4,
1388 2842 1442 2880 64.
1525 2851 1542 2869 c
1560 2845 1628 2876 Eu-

166 2897 226 2938 rip.
243 2896 401 2928 Phoeniss.
419 2907 448 2926 v.
465 2905 515 2926 ιο.
626 2897 645 2920 d
662 2894 766 2927 Schol-
782 2895 823 2925 ad
838 2895 950 2936 Eurip.
969 2894 1128 2927 Phoeniss.
1143 2905 1174 2926 v.
1193 2904 1242 2934 ¹3·
1360 2902 1378 2922 e
1393 2897 1579 2937 Apollodor.
1593 2908 1626 2939 3,

167 2962 199 2992 5,
217 2959 246 2991 7.
345 2951 359 2976 f
374 2950 532 2981 Phoeniss.
547 2960 577 2980 v.
592 2958 644 2980 20.
682 2948 735 2980 Sic
749 2955 782 2980 et
798 2948 932 2980 Diodor.
949 2949 1010 2980 Sic-
1027 2948 1048 2979 l.
1064 2959 1091 2980 c.
1193 2955 1213 2980 ε
1230 2949 1311 2981 ibid.
1412 2951 1433 2976 h
1449 2951 1471 2983 1.
1487 2952 1508 2983 1.
1524 2964 1555 2984 v.
1574 2962 1625 2984 21.

167 3006 178 3031 i
194 3006 298 3038 schol.
312 3007 353 3037 ad
369 3005 482 3046 Eurip.
501 3004 657 3036 Phoeniss.
673 3015 704 3035 v.
718 3003 770 3036 66.

864 3069 937 3101 (22
