1898 3256
675 246 765 287 AD
798 246 1047 287 PERSAS.
1513 248 1597 291 289

127 355 278 412 Eurip.
296 357 424 398 Herc.
446 358 498 398 F.
515 368 614 410 740.
635 356 686 399 At
707 356 760 404 αἲ,
784 360 1017 410 στεναγμῶν
1036 356 1112 410 γάρ
1132 375 1182 408 με
1201 358 1441 411 περιβάλλει
1462 358 1596 411 νέφος.

127 422 363 466 BLOMF.
636 462 655 486 ε

184 493 284 546 670.
305 491 492 547 νεολαία]
516 494 682 534 νεολαία
703 494 770 534 Μ.
802 493 949 536 νεολέα
970 492 1058 534 duo
1078 493 1201 534 codd.

182 560 297 615 vao']
322 563 398 613 γῆν
419 560 664 618 Cantabrig.
693 562 915 612 secundm,
936 563 1008 615 γῆς
1030 560 1174 602 Guelf.
1230 562 1378 603 Lectio
1397 563 1451 604 ab
1474 562 1598 604 libra-

126 627 197 669 riis
225 627 486 685 interpolata,
507 644 588 670 non
620 629 1047 672 animadvertentibus
1067 629 1213 671 tmesin
1235 629 1352 671 verbi
1380 631 1598 672 κατόλωλε.

127 695 311 737 Verbum
334 696 470 752 ipsum
492 712 543 737 ex
567 696 781 738 rarissimis
801 707 877 739 est.
914 697 1300 754 Pseudo-Gregorii
1319 708 1360 740 et
1382 698 1598 740 Theodori

129 763 374 805 Metochitae
393 764 586 821 exempla
606 764 687 806 tria
705 764 887 807 indicata
906 765 948 806 in
972 765 1182 807 Thesauri
1215 765 1483 823 Stephaniani
1514 765 1600 807 edi-

128 831 240 873 tione
260 831 462 873 Parisina.

185 901 319 941 ὄλωλε
346 900 413 940 vel
434 901 593 942 ὄλωλεν
617 902 749 942 Α.Μ.
773 900 912 942 Viteb.
935 901 1135 943 Cantabr.
1168 912 1359 958 uterque,
1381 901 1525 944 Guelf.
1558 912 1600 943 et

127 985 192 1022 γρ.
214 968 268 1009 Β.
300 969 489 1009 ἀπόλωλε
511 968 653 1025 vulgo.

185 1037 283 1090 671.
304 1034 448 1090 πάτερ]
472 1035 599 1089 πατὴρ
620 1036 726 1077 Ald.
749 1037 888 1079 Turn.
920 1042 1052 1090 περῶν
1074 1039 1215 1094 Mosq.
1237 1038 1348 1080 Rob.

185 1105 284 1159 673.
309 1104 411 1161 αἰαῖ]
435 1103 476 1145 αἲ
496 1103 537 1145 αἲ
558 1103 599 1145 αἲ
619 1104 660 1146 αἲ
679 1103 824 1161 vulgo,
847 1104 975 1161 idque
998 1105 1133 1147 versui
1153 1106 1404 1163 praecedenti
1422 1105 1597 1163 adjunc-

129 1181 234 1213 tum.
268 1171 310 1213 αἲ
330 1171 371 1213 αἲ
392 1171 432 1213 αἲ
452 1180 515 1212 ter
537 1172 709 1214 Barocc.
730 1172 831 1213 Ald.
855 1172 966 1214 Rob.

188 1239 240 1291 67
244 1239 432 1292 5—677.
467 1239 508 1279 τί
536 1237 876 1293 τάδε-ἁμάρτια]
917 1240 1073 1280 Versus
1108 1239 1309 1295 corrupti.
1358 1238 1602 1291 Scholiasta,

128 1305 180 1353 τί,
202 1303 233 1346 ὦ
253 1304 440 1353 δυνάστα,
462 1305 557 1347 τάδε
585 1308 635 1347 τὰ
662 1307 803 1358 δίδυμα
832 1308 896 1348 καὶ
919 1310 1041 1349 διπλᾶ
1060 1307 1230 1361 ἁμάρτια
1260 1309 1322 1349 καὶ
1346 1306 1604 1360 ἁμαρτήματα

129 1372 306 1427 διάγοιεν
327 1373 391 1414 καὶ
411 1372 594 1426 διάγουσι
623 1375 713 1427 περὶ
742 1375 790 1431 τῇ
823 1375 874 1426 σῇ
904 1376 956 1432 γῇ
986 1378 1090 1427 τῇδε.
1126 1377 1266 1428 δίδυμα
1287 1377 1330 1417 δὲ
1349 1373 1372 1427 ἢ
1390 1377 1454 1416 διὰ
1473 1375 1518 1416 τὸ
1540 1376 1604 1417 ἐπὶ

132 1442 306 1495 Δαρείου
335 1440 546 1494 τριάκοντα
571 1445 816 1496 φονευθῆναι
841 1442 1040 1496 χιλιάδας,
1074 1447 1146 1485 νῦν
1182 1444 1225 1484 δὲ
1253 1444 1319 1485 ἐπὶ
1348 1447 1417 1484 τοῦ
1453 1443 1605 1497 Ξέρξου

129 1507 331 1561 μυριάδας.
363 1507 388 1560 ἢ
418 1510 479 1550 ὅτι
510 1509 662 1562 Ξέρξου
683 1510 747 1551 καὶ
767 1510 932 1564 Πέρσου
951 1511 1059 1554 τινὸς
1090 1512 1194 1552 εἰσὶν
1214 1511 1398 1563 ἁμαρτίαι
1428 1511 1491 1552 καὶ
1512 1512 1604 1554 ἀτυ-

129 1577 216 1631 χίαι
245 1577 490 1630 ἡρμοσμέναι
519 1579 630 1629 ὁμοῦ.
662 1576 756 1629 ἢτὰ
779 1579 921 1631 δίδυμα
950 1581 1000 1620 τὰ
1032 1580 1076 1620 ἐν
1102 1582 1329 1622 Πλαταιαῖς
1356 1579 1605 1632 γεγενημένα

131 1647 231 1686 κακὰ
262 1646 325 1687 καὶ
354 1648 404 1687 τὰ
435 1647 479 1687 ἐν
511 1650 722 1699 Σαλαμῖνι.
787 1647 855 1688 Sic
875 1647 969 1688 fere
993 1647 1173 1688 Robort.
1202 1646 1349 1688 editio:
1382 1646 1425 1687 in
1459 1647 1603 1703 Steph.

129 1713 311 1765 accessit,
332 1714 376 1755 τὸ
398 1716 544 1757 δυνάτα
565 1715 653 1756 ἀντὶ
672 1717 742 1755 τοῦ
760 1714 951 1756 δυνάστα.
985 1714 1215 1756 Scholiasta
1230 1714 1447 1764 recentior,
1465 1716 1604 1767 δίδυμα

130 1780 244 1834 λέγει
263 1783 328 1822 διὰ
348 1781 393 1822 τὸ
414 1784 512 1823 κατὰ
531 1784 607 1835 γῆν
629 1782 692 1822 καὶ
714 1783 813 1822 κατὰ
833 1781 1048 1823 θάλασσαν
1068 1784 1221 1823 ἁλῶναι
1241 1781 1415 1835 Πέρσας.

189 1850 286 1904 675.
318 1849 464 1891 δυνάτα
489 1849 636 1891 δυνάτα
657 1850 725 1890 Μ.
754 1859 795 1891 et
815 1849 882 1890 alii
915 1849 1117 1891 nonnulli.
1160 1850 1309 1891 δυνάτα
1339 1849 1515 1892 δυνάστα
1535 1851 1606 1891 Vi-

132 1915 216 1957 teb.
248 1916 423 1958 δυνάστα
452 1917 628 1959 δυνάστα
658 1918 764 1959 B.C.
795 1916 948 1973 aliique
978 1928 1019 1959 et
1045 1917 1149 1959 Ald.
1174 1917 1286 1959 Rob.
1309 1911 1447 1959 Turn.
1499 1918 1606 1960 Sim-

133 1983 230 2040 plex
252 1984 428 2026 δυνάστα
447 1995 508 2025 est
527 1984 570 2025 in
591 1984 648 2026 A.

188 2053 286 2104 676.
309 2052 358 2106 τᾷ
380 2055 432 2106 σᾷ
455 2053 612 2108 δίδυμα]
636 2057 722 2096 ταῖς
743 2054 922 2105 αἷδίδυμα
943 2055 1009 2096 M.
1040 2057 1088 2109 τᾷ
1110 2055 1164 2108 σᾷ
1184 2069 1266 2095 om.
1289 2054 1399 2095 Rob.

190 2121 364 2174 διάγοιεν
385 2120 451 2161 Μ.
476 2129 518 2161 et
543 2120 704 2162 codices
734 2120 923 2177 plerique
952 2137 1046 2163 cum
1081 2122 1225 2178 Steph.
1270 2122 1443 2164 διάνοιεν
1465 2123 1604 2165 Turn.

133 2186 304 2229 διάνοιεν
325 2186 357 2229 δ’
378 2187 482 2229 Ald.
514 2187 715 2242 διάνγοιεν
737 2198 915 2245 utraque
934 2190 1139 2246 scriptura
1158 2190 1380 2246 conjuncta
1400 2190 1511 2231 Rob.

191 2255 376 2311 ἁμάρτια]
405 2257 501 2297 Hoc
522 2256 726 2298 vocabulo
748 2256 880 2298 utitur
901 2257 1132 2314 AEschylus
1153 2259 1306 2314 Agam.
1328 2269 1427 2313 537.
1484 2261 1603 2299 διπλᾶ

133 2321 166 2363 δ’
189 2323 326 2364 ἔτισαν
347 2325 563 2377 Πριαμίδαι
583 2324 789 2377 θάμάρτια.

191 2391 290 2445 679.
309 2391 420 2446 πάσᾳ
439 2392 515 2448 γᾷ]
536 2395 648 2433 πᾶσα
668 2396 721 2445 γᾶ
742 2392 856 2433 Rob.

191 2459 245 2513 σᾷ
265 2459 433 2500 accessit
453 2460 494 2499 in
518 2460 560 2499 T
566 2474 680 2500 urn.:
714 2460 914 2500 omittunt
938 2459 1110 2510 codices,
1136 2470 1182 2501 ut
1203 2460 1380 2511 videtur,
1403 2461 1541 2502 cuncti
1563 2470 1604 2501 et

135 2525 236 2567 Ald.
262 2527 375 2568 Rob.

190 2594 273 2649 τᾷδ’
296 2596 348 2636 Β.
389 2596 483 2649 τᾷδε
503 2595 663 2636 codices
693 2595 839 2651 reliqui
870 2605 911 2636 et
941 2595 1036 2636 edd.
1058 2605 1154 2636 ante
1176 2594 1450 2637 Brunckium.
1503 2597 1601 2636 Me-

134 2671 245 2703 trum
267 2663 397 2719 hujus
414 2677 560 2705 versus
578 2672 640 2704 est
660 2662 935 2711 molossicum,
958 2663 1011 2704 de
1041 2679 1126 2719 quo
1146 2663 1232 2704 dixi
1262 2663 1315 2704 ad
1349 2663 1476 2719 Soph.
1499 2663 1602 2704 OEd.

135 2729 225 2771 Col.
248 2733 368 2785 1560.

191 2796 391 2851 ἐξέφθινθ’
425 2799 484 2853 αἱ]
519 2783 698 2851 ἐξέφῗιινΐ
728 2800 768 2838 αἱ
800 2799 866 2838 Μ.
921 2798 1257 2854 Superscriptum
1290 2816 1326 2840 οι
1357 2808 1601 2855 corruptum

134 2875 196 2907 est
214 2881 266 2907 ex
284 2869 338 2908 θι.

191 2933 444 2987 τρίσκαλμοι]
468 2933 696 2974 Triremes.
729 2932 908 2983 Κέλητας
924 2931 1243 2983 πεντεσκάλμους
1256 2931 1362 2974 dixit
1376 2932 1602 2988 Epliippus

132 2999 247 3054 apud
269 2999 429 3041 Athen.
451 3001 490 3040 8.
514 3015 556 3055 p.
579 3011 660 3054 347
687 2999 737 3039 Β.
770 2999 1003 3040 BLOMF.

826 3080 897 3106 00
