1898 3256
556 233 646 274 AD
678 231 1159 275 PROMETHEUM.
1536 229 1589 271 51

186 353 283 399 273.
302 341 471 399 μάθητε]
493 340 657 394 μάθοιτε
676 341 836 398 aliquot
855 341 977 383 codd.

187 421 282 464 274.
313 411 504 452 πείθεσθέ
534 427 602 462 μοι
632 409 841 463 πείθεσθε]
877 410 1010 451 Recte
1042 418 1183 450 monet
1214 407 1440 450 Elmsleius
1472 407 1595 464 longe

127 477 383 534 probabilius
402 493 490 519 esse
508 477 677 519 πίθεσθέ
695 494 762 529 μοι
782 478 962 519 πίθεσθε.

187 558 284 600 275.
308 545 430 587 ταύτά
449 545 529 601 τοι]
554 545 674 587 Libri
694 545 856 602 aliquot
875 545 999 587 ταυτά
1018 562 1084 598 μοι
1105 544 1168 586 vel
1191 544 1315 587 ταῦτά
1333 561 1407 586 τοι.

189 624 286 667 279.
339 611 646 668 κραιπνόσυτον]
690 613 830 669 Vulgo
871 612 1200 666 xpamvo'ffovrov.
1258 612 1504 655 Coi-rectum
1546 623 1598 650 ex

130 681 248 722 E.G.

192 749 287 790 280.
322 751 443 790 θᾶκον
471 749 710 790 A.B.C.M.
740 747 906 803 aliique.
958 747 1098 804 Vulgo
1131 751 1272 798 θῶκον,
1302 745 1418 803 quod
1447 743 1601 787 librarii

132 816 239 857 infra
270 831 440 872 quoque
473 831 511 858 v.
544 816 642 872 831.
673 814 906 857 intulerunt
936 825 978 857 et
1008 815 1128 857 alibi:
1162 815 1215 856 de
1249 830 1336 872 quo
1365 813 1523 855 dictum
1559 812 1600 853 in

134 883 358 925 Thesauro
379 883 580 941 Stephani
600 884 680 925 vol.
701 897 743 936 4.
764 899 804 940 p.
829 885 927 926 228.
979 885 1178 926 Ceterum
1199 891 1505 925 monometrum
1538 880 1604 923 hic

134 962 174 993 et
195 951 337 1008 paullo
356 962 450 1008 post
469 952 647 994 restitui.
701 952 839 1009 Vulgo
859 963 993 994 totum
1027 961 1208 1009 systema
1232 951 1275 993 in
1301 950 1501 992 dimetros
1530 948 1603 991 de-

136 1020 349 1077 scriptum.

195 1087 333 1141 αἰθέρα
354 1087 406 1144 θ’]
433 1088 553 1142 αἰθέρ’
576 1104 670 1130 cum
693 1088 852 1145 aliquot
873 1088 1085 1130 codicibus
1107 1088 1212 1130 Ald.
1235 1087 1348 1129 Rob.

198 1156 292 1197 281.
315 1156 544 1214 ὀκριοέσσῃ]
572 1156 712 1213 Vulgo
732 1156 966 1211 ὀκρυοέσσῃ.
1002 1158 1247 1198 Correctum
1269 1171 1322 1197 ex
1344 1155 1478 1197 tribus
1498 1153 1610 1195 codi-

139 1223 272 1264 cibus.
318 1229 347 1248 “
362 1223 570 1278 Ὀκριόεις,
593 1225 744 1282 Asper.
787 1225 1094 1282 Confragosus.
1141 1222 1331 1280 Etymol.
1355 1223 1420 1263 M.
1443 1237 1486 1278 p.
1512 1223 1608 1271 261,

141 1293 180 1333 6.
202 1290 408 1345 Ὀκριόεις,
431 1295 452 1334 ὁ
472 1294 617 1348 τραχὺς
635 1295 759 1338 λίθος·
792 1294 925 1347 ὀκρίας
949 1294 992 1334 δὲ
1013 1294 1083 1336 τὰς
1112 1291 1256 1345 πέτρας
1277 1291 1402 1345 φησὶν
1416 1288 1610 1343 ”Ομηρος.

143 1358 206 1401 Δι’
228 1361 360 1413 ὄκρίας
378 1361 642 1413 ἠνεμοέσσας.
676 1361 780 1415 (Od.
802 1366 835 1412 Ι,
854 1375 951 1414 400.
974 1364 1030 1411 Π,
1049 1361 1171 1416 365.)
1202 1360 1254 1401 In
1278 1360 1468 1400 Homero
1488 1356 1613 1399 hodie

143 1427 297 1484 legitur
321 1429 481 1481 ἆκρίας;
514 1429 587 1470 sed
617 1429 764 1471 melius
793 1431 943 1483 ὀκρίας,
976 1427 1092 1484 quod
1126 1427 1259 1484 magis
1291 1426 1503 1469 AEolicum
1537 1434 1612 1475 est,

143 1505 273 1551 atque
293 1496 416 1537 etiam
440 1497 648 1538 Ionicum.
695 1497 977 1554 Hippocrates
1006 1495 1132 1537 habet
1163 1497 1364 1549 ὀκριῶδης,
1385 1504 1426 1536 et
1450 1494 1616 1536 Erotia-

145 1578 226 1604 nus
258 1565 375 1617 ὀκρίς.
427 1564 606 1606 Photius
635 1567 741 1607 Lex.
773 1565 1004 1619 Ὀκριάζων·
1050 1565 1357 1619 τραχυνόμενος,
1388 1565 1615 1617 Σοφοκλῆς.

147 1632 312 1685 ὀκριόεις
341 1641 382 1673 et
402 1633 576 1686 ὀκρυόεις
602 1633 825 1690 saepissime
844 1633 1016 1675 confusa
1037 1649 1124 1674 esse
1154 1642 1272 1674 notat
1292 1631 1401 1674 Adr.
1424 1631 1618 1686 Heringa

149 1700 251 1741 Obs.
275 1700 380 1742 Crit.
402 1716 445 1757 p.
467 1703 557 1743 163⁹
588 1703 824 1745 BLOMF.

209 1770 304 1813 282.
332 1771 470 1825 Πελῶ]
507 1772 593 1811 Pro
612 1771 792 1823 πελάσω,
812 1771 892 1813 fut.
915 1786 940 1812 a
960 1770 1132 1821 πελάζω.
1180 1770 1376 1825 Sophocl.
1397 1767 1502 1810 OEd.
1526 1766 1619 1808 Col.

156 1838 279 1878 1060.
304 1836 415 1878 Phil.
442 1850 562 1893 1150.
586 1838 654 1879 El.
677 1850 775 1893 497.
828 1839 1019 1880 Alteram
1042 1838 1217 1880 formam
1239 1837 1405 1879 πελάσω
1435 1834 1623 1892 praetulit

152 1904 393 1961 Euripides.
425 1908 496 1947 Or.
534 1907 656 1960 1684.
691 1907 788 1964 Iph.
826 1909 958 1949 Taur.
993 1907 1088 1948 886.
1121 1907 1223 1948 Hel.
1253 1906 1354 1962 361.
1391 1904 1461 1945 El.
1498 1915 1621 1960 1332.

153 1973 307 2015 ELM.

215 2042 308 2096 283.
332 2042 518 2098 ἀκοῦσαι]
542 2044 729 2085 ἀκούσειν
749 2043 859 2085 Rob.
882 2053 923 2086 et
947 2045 1048 2087 ven,
1070 2044 1188 2086 alter.

215 2110 310 2162 284.
342 2111 440 2151 Jam
475 2125 636 2152 scenam
669 2110 903 2167 ingreditur
936 2114 1142 2162 Oceanus,
1180 2110 1494 2169 Nympharum,
1528 2123 1625 2164 quae

155 2178 328 2220 chorum
362 2179 620 2221 constituunt
652 2191 782 2236 pater.
845 2182 890 2222 Is
921 2181 1063 2223 eadem
1101 2181 1169 2222 via
1203 2179 1415 2236 profectus
1449 2193 1475 2218 a
1508 2186 1627 2232 tergo

160 2247 395 2289 Promethei
416 2248 539 2300 venit,
561 2263 635 2289 nec
665 2248 782 2304 prius
802 2265 927 2306 quam
960 2249 1149 2306 proxime
1179 2248 1232 2290 ad
1261 2262 1355 2289 eum
1378 2245 1626 2294 accessisset,

158 2315 212 2356 ab
232 2331 282 2356 eo
300 2316 480 2373 conspici
499 2326 676 2373 poterat.
737 2317 774 2357 F
777 2316 936 2373 ingitur
956 2327 1093 2359 autem
1117 2316 1203 2358 aliti
1234 2314 1480 2371 inequitare,
1502 2327 1628 2369 quem

161 2382 286 2424 schol.
306 2384 511 2441 gryphem
543 2385 853 2442 interpretatur.
916 2386 1037 2428 Idem
1068 2385 1177 2426 infra
1202 2383 1466 2437 τετρασκελὴς
1491 2381 1631 2423 οἰωνὸς

161 2451 396 2507 appellatur
416 2468 454 2493 v.
476 2466 577 2509 395.
626 2453 694 2495 Cf.
716 2453 850 2495 Vossii
879 2454 1204 2511 mytholog-ischa?
1224 2452 1373 2507 Bricffe
1395 2463 1435 2493 2.
1466 2465 1509 2506 p.
1534 2460 1630 2504 130.

166 2521 300 2561 SCH.
359 2521 558 2563 Eustath.
580 2521 621 2562 in
645 2522 726 2564 Od.
749 2526 794 2563 E.
828 2537 871 2577 p.
898 2533 1022 2578 1545,
1043 2535 1113 2575 49.
1145 2522 1244 2562 οὕτω
1277 2521 1340 2561 καὶ
1370 2517 1555 2565 ὠκεανὸς,
1587 2517 1637 2557 τό

165 2604 207 2630 τε
227 2590 328 2642 ὕδωρ
349 2589 455 2638 αὐτὸ,
479 2591 543 2631 καὶ
563 2592 584 2631 ὁ
603 2592 868 2643 μυθευόμενος
899 2591 949 2634 ὣς
978 2590 1080 2632 θεός·
1114 2588 1161 2629 ὃν
1182 2590 1202 2628 ὁ
1224 2586 1407 2641 τραγικὸς
1428 2586 1634 2639 Αἰσχύλος

167 2658 233 2698 ἐπὶ
251 2657 401 2710 γρυπὸς
422 2659 598 2707 καθίζων,
622 2658 755 2711 ἐξάγει
774 2658 872 2711 πρὸς
893 2657 1073 2710 θέατρον.
1108 2656 1344 2697 BLOMF.

225 2725 349 2778 τέρμα
379 2726 566 2766 κελεύθου
587 2725 919 2782 διαμειψάμενος]
952 2723 1191 2766 Dicendum
1213 2731 1302 2764 erat
1330 2722 1520 2764 κέλευθον
1550 2724 1633 2762 δια-

167 2792 427 2847 μειψάμενος,
459 2808 537 2850 pro
557 2808 641 2850 quo
661 2793 784 2847 τέρμα
815 2795 1004 2835 κελεύθου
1031 2791 1139 2833 dixit
1167 2790 1326 2832 ratione
1356 2789 1500 2831 habita
1519 2788 1635 2830 verbi

169 2879 262 2913 ηκω.

232 2929 327 2971 288.
360 2929 565 2985 συναλγῶ]
599 2932 780 2982 ξυναλγῶ
813 2927 918 2970 Ald.
948 2928 1060 2970 Rob.
1096 2929 1234 2970 Turn.
1270 2925 1415 2983 steph.
1446 2935 1488 2968 et
1513 2924 1638 2968 codd.
1714 2991 1717 2995 r

173 2996 373 3054 plerique.

876 3077 949 3106 ⁶2
