1898 3256
669 246 760 287 AD
791 244 1042 286 PERSAS.
1505 245 1594 286 245

126 375 195 409 μιν
228 359 375 412 ἐρείπει
406 362 494 413 Πῦρ
528 376 572 402 τε
612 359 675 401 καὶ
707 360 796 411 ὀξὺς
825 357 963 412 Ἄρης,
1005 360 1243 412 Συριηγενὲς
1281 357 1387 411 ἅρμα
1424 358 1590 400 διώκων.

127 426 348 468 Distichon
377 427 491 484 quod
521 443 545 469 e
575 426 730 470 Codice
763 427 895 468 Msto
922 425 1108 482 vulgavit
1137 425 1287 467 Iriarte
1312 425 1354 466 in
1385 425 1592 482 Catalogo

129 494 242 536 Bibl.
264 496 374 551 Reg.
398 495 576 552 Hispan.
597 511 640 552 p.
664 498 760 547 264.
783 493 916 538 Ἰνδος
945 492 1000 535 ὅδ’
1029 495 1128 546 ἀνὴρ
1156 495 1280 550 Τροίῃ
1310 495 1455 546 Σύριον
1479 492 1583 547 ἅρμα

128 563 277 604 διώκων
297 563 562 615 Πουλυδάμας
591 567 719 615 κεῖμαι
749 562 886 616 νεκρὸς
916 563 981 604 ἐπὶ
1009 563 1179 615 πατρίδι.
1212 562 1286 603 ubi
1315 562 1419 603 mira
1447 562 1594 603 verbo-

126 645 219 671 rum
241 629 480 672 similitudo.
514 631 744 672 BLOMF.

186 697 252 753 85.
289 697 544 753 τοξόδαμνος]
581 697 676 739 Vid.
713 712 839 753 supra
872 699 939 739 26.
970 696 1173 755 Diphilus
1206 696 1322 754 apud
1357 697 1518 739 Athen.
1550 699 1590 738 6.

125 781 168 822 p.
192 778 288 821 223.
309 767 359 807 B.
390 769 541 818 Λητοῦς
571 767 667 809 Διός
694 782 738 806 τε
767 766 983 818 τοξόδαμνε
1006 765 1193 819 παρθένε,
1224 764 1300 809 Ὠς
1333 767 1371 807 οἱ
1397 766 1596 821 τραγῳδοί

126 839 267 887 φασιν,
290 834 347 877 οἶς
366 832 528 884 ε’ξουσία
545 832 686 874 Ἐστὶν
705 833 843 887 λέγειν
863 832 1020 874 ἅπαντα
1041 834 1104 874 καὶ
1123 837 1252 874 ποιεῖν
1273 834 1386 884 ὅμως.
1423 835 1592 890 Spectat

125 901 232 943 forte
252 901 402 958 Eurip.
426 901 601 958 Hippol.
622 913 744 955 1470.
765 901 850 953 Τὴν
869 901 1112 952 τοξόδαμνον
1126 899 1317 954 Ἀρτεμιν
1335 902 1590 954 μαρτύρομαι.

126 969 337 1026 Lycophr.
358 983 479 1025 1331.
501 970 586 1022 Τὴν
605 971 848 1021 τοξόδαμνον
869 970 1069 1023 νοσφίσας
1085 968 1328 1023 Ὀρθωσίαν.
1357 970 1591 1012 BLOMF.

175 1042 296 1099 Ἀρη]
322 1037 394 1098 ἄρῆ
415 1045 484 1087 Μ.
518 1044 716 1100 Plerique
731 1043 851 1085 codd.
866 1042 997 1096 ’Ἄρην
1011 1057 1107 1084 cum
1129 1041 1231 1084 Ald.
1265 1043 1387 1084 Conf.
1401 1042 1455 1084 ad
1474 1044 1591 1100 Sept.

124 1126 166 1153 v,
185 1123 257 1166 45.

183 1179 250 1233 87.
283 1179 550 1221 Constructio
579 1189 654 1229 est,
677 1180 782 1222 οὔτις
811 1180 968 1232 δόκιμος
997 1180 1156 1232 εἴργειν.
1188 1193 1306 1220 nemo
1334 1179 1436 1220 adeo
1447 1180 1592 1234 fortis

121 1253 183 1288 est
201 1253 249 1288 ut
267 1253 432 1288 arceat:
466 1246 522 1287 sic
548 1245 589 1286 in
619 1245 834 1287 Prometh.
856 1257 928 1301 59.
950 1246 1078 1289 δεινὸς
1098 1248 1175 1299 γὰρ
1197 1248 1326 1299 εὑρεῖν
1347 1248 1418 1299 κᾶξ
1438 1247 1591 1302 ἀμηχά-

123 1330 203 1355 νων
231 1315 386 1367 πόρους.
449 1313 581 1355 Simili
611 1314 915 1355 constructione
950 1313 1156 1355 Horatius
1189 1328 1393 1370 supe-rare
1422 1317 1591 1372 pugnis

121 1381 330 1432 Nobilem,
362 1383 510 1424 Fortis
541 1388 738 1424 tractare.
789 1382 932 1423 Multa
965 1382 1044 1423 alia
1072 1382 1165 1423 vide
1199 1383 1313 1438 apud
1351 1383 1589 1425 Bentleium

119 1448 173 1490 ad
204 1451 354 1491 Horat.
386 1465 426 1506 p.
457 1463 501 1505 3.
533 1449 729 1491 Lambin.
764 1460 807 1491 et
832 1451 883 1492 F.
918 1450 1062 1492 Ursin.
1092 1450 1147 1491 ad
1169 1450 1314 1507 Vir-gil.
1347 1451 1441 1493 Ecl.
1474 1463 1518 1508 5,
1552 1465 1588 1493 1.

123 1517 355 1559 BLOMF.

181 1588 250 1630 90.
271 1574 449 1631 ὀχυροῖς]
474 1576 630 1630 ἐχυροῖς
650 1574 761 1616 Rob.
782 1583 824 1616 et
843 1574 964 1616 codd.
987 1574 1121 1615 multi.

181 1642 345 1696 εἵργειν]
371 1643 518 1696 εἵργειν
538 1641 642 1682 Ald.
664 1641 775 1683 Rob.

180 1708 405 1764 θαλάσσης]
427 1709 638 1753 θαλάσσας
657 1718 768 1751 recte
788 1709 1062 1751 Blomfieldus
1081 1709 1122 1750 in
1142 1710 1207 1752 ed.
1229 1710 1375 1767 prima.

181 1789 251 1830 91.
273 1777 552 1832 ἀπρόσοιστος]
576 1778 657 1818 Per
678 1779 972 1830 ἀνυπομόνητος
991 1777 1170 1834 explicat
1192 1780 1446 1836 Hesychius,
1467 1780 1590 1836 cujus

122 1857 163 1898 in
185 1857 326 1899 codice
347 1854 584 1912 ἀπροσοὶτος
605 1859 817 1915 scriptum.

180 1926 367 1980 Περσῶν]
391 1926 664 1968 Scribendum
687 1931 854 1980 Περσᾶν
871 1942 966 1969 cum
990 1927 1252 1970 Blomfieldo.

179 2005 246 2046 92.
268 1994 386 2047 λαός]
410 1995 511 2037 λεώς
528 1994 649 2035 codd.
670 1994 858 2036 nonnulli
877 2010 975 2036 cum
997 1995 1109 2036 Rob.
1133 1997 1273 2037 Turn.

179 2073 247 2115 93.
269 2060 440 2116 ἀπάταν]
462 2061 615 2113 ἀπάτην
633 2061 792 2117 aliquot
812 2062 933 2104 codd.

177 2127 328 2183 ἀλύξει]
348 2128 558 2170 Evitabit.
607 2130 698 2170 Vox
719 2131 960 2171 Homerica.
1013 2130 1169 2171 Rarius
1189 2140 1250 2172 est
1270 2133 1383 2187 apud
1412 2133 1590 2189 tragicos

122 2196 294 2253 simplex
330 2198 531 2249 verbum3
562 2199 741 2241 occurrit
774 2209 910 2240 tamen
948 2199 1142 2255 Sophocl.
1176 2200 1327 2256 Antig.
1356 2203 1456 2253 488.
1492 2219 1586 2245 cum

120 2264 314 2321 genitiVO,
338 2265 410 2306 ubi
433 2265 514 2306 vid.
540 2266 725 2308 Brunck.
749 2278 791 2309 et
811 2267 967 2309 Electr.
991 2268 1089 2322 627.
1112 2267 1380 2324 Phrynichus
1399 2270 1440 2311 in
1465 2271 1590 2313 Pleu-

121 2332 246 2373 roniis
273 2348 341 2389 ap.
368 2334 547 2374 Pausan.
568 2333 610 2374 in
633 2334 800 2376 Phocic.
830 2350 874 2391 p.
897 2336 994 2390 348.
1016 2335 1080 2376 ed.
1104 2335 1303 2393 Sylburg.
1328 2339 1492 2391 κρυερὸν
1511 2342 1589 2393 γὰρ

121 2400 189 2441 οὐκ
207 2401 326 2451 ἤλυξε
346 2401 481 2453 μόρον.
516 2401 749 2442 BLOMF.

179 2480 248 2521 95.
280 2467 478 2518 κραιπνὸς,
507 2468 640 2509 Velox.
672 2470 834 2510 Iterum
870 2480 951 2509 vox
986 2470 1225 2519 Homerica,
1257 2472 1371 2527 apud
1412 2473 1589 2528 tragicos

120 2534 326 2575 rarissime
345 2545 524 2590 reperta.
570 2537 678 2576 Cum
701 2535 846 2577 eodem
868 2536 1128 2578 substantivo
1147 2537 1340 2580 adhibuit
1361 2540 1589 2596 Euripides

122 2601 300 2658 Hippol.
335 2602 429 2653 842.
466 2602 617 2654 Πήδημ’
651 2604 691 2645 ἐς
722 2601 864 2644 ’Ἃιδου
905 2603 1094 2655 κραιπνὸν
1133 2604 1343 2657 ὁρμήσασά
1381 2623 1460 2657 μοι.
1520 2609 1588 2649 De

120 2669 248 2724 hujus
269 2668 379 2709 vocis
395 2669 646 2726 etymologia
667 2670 786 2711 solito
806 2670 931 2711 modo
951 2681 1164 2726 nugantur
1189 2674 1462 2727 grammatici,
1480 2675 1588 2732 Ety-

122 2736 216 2777 mol.
241 2737 306 2776 M.
332 2751 373 2792 p.
395 2739 496 2791 536,
523 2749 586 2777 10.
609 2737 807 2778 Eustath.
828 2737 882 2777 ad
915 2737 1036 2778 Iliad.
1062 2741 1108 2778 E.
1139 2753 1181 2793 p.
1202 2750 1303 2793 541,
1322 2753 1392 2792 42.
1415 2747 1588 2799 κραιπνῷ

121 2805 211 2846 ποδὶ
230 2803 454 2855 πηδήματος
475 2804 656 2847 εὐπετέος
672 2819 746 2859 per
761 2804 972 2860 enallagen
995 2804 1149 2846 dicitur
1169 2820 1246 2861 pro
1265 2813 1453 2859 κραιπνοῦ
1469 2811 1588 2855 ποδὸς

120 2870 312 2922 πηδήματι
342 2871 510 2912 εὖπετέϊ.
572 2871 639 2912 Sic
661 2870 814 2927 Eurip.
836 2871 1040 2912 Phoeniss.
1063 2873 1160 2924 670.
1183 2873 1411 2926 δεργμάτων
1432 2878 1589 2929 κόραισι

120 2952 198 2993 pro
228 2937 432 2991 δέργμασι.
451 2943 585 2991 κορῶν.
646 2937 886 2980 Brunckius
914 2939 1075 2980 confert
1108 2939 1304 2996 Sophocl.
1336 2942 1493 2987 Electr.
1520 2959 1585 3000 19.

120 3004 271 3061 Eurip.
294 3004 393 3047 Hel.
415 3006 537 3060 1098.
570 3006 802 3047 BLOMF.
