1898 3256
324 211 412 252 238>
794 213 1290 255 ANNOTATIONES

323 329 391 370 τὰς
410 328 637 380 Αἰγυπτίας.
686 327 962 381 Ἀριστοτέλης
981 331 1024 371 δὲ
1051 331 1113 371 καὶ
1143 328 1337 381 ἑπτάδυμά
1366 345 1452 370 τινα
1481 330 1630 381 ἱστορεῖ
1654 345 1760 370 τετο-

325 392 445 434 κέναι·
478 395 541 435 καὶ
567 393 681 437 αὐτὸς
708 396 933 448 πολύγονον
963 400 1092 437 καλῶν
1116 396 1185 438 τὸν
1210 400 1373 444 Νεῖλον,
1397 397 1458 437 καὶ
1487 396 1678 449 τρόφιμον
1697 398 1760 436 διὰ

327 460 401 511 τὴν
431 461 473 501 ἐκ
502 464 579 501 τῶν
609 461 730 512 ἡλίων
757 462 918 514 μετρίαν
945 463 1092 516 ἕψησιν
1113 463 1203 503 αὐτὸ
1232 463 1523 504 καταλιπόντων
1552 461 1598 502 τὸ
1625 462 1759 514 τρόφι-

322 543 409 577 μον,
432 526 476 567 τὸ
497 528 540 567 δὲ
558 527 737 579 περιττὸν
758 529 1034 580 ἐκθυμιῶντων.
1067 530 1197 570 SCH.

377 606 447 647 34.
467 593 720 649 Σουσικάνης]
745 597 912 636 Mutata
932 606 1099 652 propter
1119 596 1234 637 metri
1256 595 1535 637 necessitatem
1553 603 1760 655 structura

322 659 376 700 ad
399 660 666 701 nominativos
686 661 843 710 transit,
865 662 981 717 quasi
999 662 1268 718 praecessisset
1289 663 1369 702 οἶοί
1386 664 1531 703 εἰσι-κ

378 727 479 769 τινὲς
513 729 702 778 διαιροῦσι
731 728 774 768 τὸ
804 731 946 772 Σοΰσις
980 730 1043 770 καὶ
1073 727 1216 781 Κάνης,
1251 730 1315 770 καὶ
1342 729 1387 769 τὸ
1423 731 1563 781 Πηγὰς
1593 729 1655 769 καὶ
1679 726 1761 769 Τά-

321 808 402 844 γων
438 794 557 845 (MS.
589 795 655 834 M.
693 793 891 848 Στάγων),
923 796 971 835 τὰ
1004 797 1080 848 γὰρ
1116 797 1288 847 ὀνόματα
1322 797 1343 836 ὁ
1378 795 1534 847 ποιητὴς
1565 795 1756 842 πέπλακε,

323 859 384 899 καὶ
413 859 482 899 οὐκ
508 859 615 900 ἔστιν
641 859 894 912 Αἰγυπτιακά.
929 860 1064 903 Schol.
1120 865 1247 915 πηγὰς
1275 861 1306 902 τ’
1337 863 1444 915 ἀγὼν
1478 862 1587 903 Rob.
1634 866 1760 915 πηγᾶς

321 925 451 976 ταγὼν
473 925 667 966 Cantabr.
697 926 866 982 primus.
919 927 1152 968 Susiscanes
1180 927 1287 968 infra
1306 944 1346 969 v,
1367 929 1461 983 960.
1491 938 1754 979 memoratur,

321 990 436 1045 quasi
457 1006 510 1032 ex
531 992 753 1034 Ecbatanis
773 994 996 1049 profectus.
1027 994 1255 1035 BLOMF.

375 1070 399 1111 3
403 1067 444 1112 5.
466 1060 770 1114 Αἶγυπτογενὴς]
792 1060 1086 1113 αἰγυπτιογενὴς
1108 1060 1226 1101 codd.
1247 1060 1402 1115 aliquot
1420 1070 1460 1101 et
1481 1060 1588 1101 Rob.
1613 1060 1757 1116 Steph.

375 1135 446 1179 37.
466 1124 680 1180 Ἀρσάμης]
709 1125 901 1179 Ἀρσάκης
928 1142 992 1182 ap.
1016 1127 1211 1168 Photium
1235 1129 1337 1168 Lex.
1359 1143 1401 1183 p.
1424 1140 1446 1168 2
1448 1128 1516 1182 58,
1543 1141 1579 1169 1.
1599 1128 1758 1181 Μέμφι-

321 1193 385 1234 δος
409 1190 579 1233 Ἀττικοὶ
604 1194 652 1233 τὰ
676 1195 824 1240 πολλὰ,
845 1192 981 1236 Ἴωνες
1007 1194 1050 1233 δὲ
1081 1193 1163 1234 καθ’
1193 1195 1402 1246 ὑφαίρεσιν
1427 1198 1494 1234 τοῦ
1528 1198 1548 1235 ὃ
1573 1194 1758 1247 Μέμφιος

319 1258 452 1309 μήτιος
481 1259 646 1309 σύρτιος·
678 1260 878 1311 Αἰσχύλος
909 1259 1085 1311 Πέρσαις
1119 1259 1208 1301 ““Ο
1243 1277 1285 1301 τε
1319 1264 1385 1311 τῆς
1416 1262 1518 1313 ἱερᾶς
1551 1261 1758 1313 Μέμφιδος

320 1325 451 1378 ἄρχων
469 1325 591 1377 μέγας
614 1324 842 1377 Ἀρσάκης.”
884 1325 1082 1379 Ἀρσακες
1109 1326 1350 1367 dicebantur
1380 1342 1493 1382 reges
1523 1329 1753 1368 Persarum.

322 1392 403 1432 Sed
437 1391 642 1432 Herodot.
678 1401 716 1444 7,
750 1395 816 1446 67.
851 1408 876 1433 a
913 1393 1090 1434 Stanleio
1128 1393 1341 1443 indicatus,
1379 1393 1579 1446 Ἀραβίων
1617 1395 1659 1434 δὲ
1694 1395 1756 1434 καὶ

321 1458 517 1500 Αἰθιόπων
536 1463 611 1499 τῶν
630 1461 726 1511 ὑπὲρ
747 1462 943 1512 Αἰγύπτου
963 1459 1195 1511 οἰκεομένων
1222 1460 1319 1513 ἦρχε
1346 1459 1553 1512 Ἀρσάμης.
1612 1461 1671 1501 Et
1701 1460 1756 1501 sie

318 1523 426 1566 infra
443 1541 484 1566 v.
499 1526 597 1580 308.
632 1526 860 1566 BLOMF.
1360 1525 1362 1528 ’

375 1592 579 1646 ὠγυγίους]
601 1592 743 1643 Θήβην
763 1592 1055 1648 AEgyptiacam
1077 1593 1248 1646 ὠγυγίαν
1267 1592 1365 1633 dicit
1390 1592 1509 1632 etiam
1531 1589 1760 1647 Dionysius,

320 1660 340 1699 ὁ
360 1658 589 1711 περιηγητὴς
610 1673 650 1698 ν.
673 1658 770 1708 248.

425 1724 483 1765 ⁹H
503 1726 576 1776 μὲν
596 1725 683 1765 ὅσοι
704 1724 848 1776 Θήβην
869 1727 1043 1778 ἐρικυδέα
1063 1725 1300 1777 ναιετάουσι,

430 1792 573 1843 Θήβην
593 1791 775 1844 ὧγυγίην,
799 1794 1193 1844 ἑκατόμπυλον--

318 1859 512 1900 Juvenal.
539 1859 623 1898 Sat.
650 1870 715 1911 15,
736 1860 778 1899 6.

430 1928 573 1979 Atque
592 1933 711 1965 vetus
734 1925 882 1966 Thebe
902 1936 1064 1967 centum
1082 1928 1191 1981 jacet
1211 1927 1359 1967 obruta
1379 1926 1518 1981 portis.

318 1994 378 2034 Et
397 2002 504 2034 recte
533 1992 698 2048 quidem
730 1992 786 2032 ita
815 1992 924 2033 dicta
952 2003 1027 2044 est,
1051 1992 1251 2047 siquidem
1279 2001 1380 2033 teste
1410 1991 1632 2032 Aristotele
1664 1994 1755 2032 Me-

318 2071 418 2101 teor.
442 2074 481 2109 1,
507 2072 570 2112 14.
594 2060 808 2114 AEgyptus
837 2058 931 2099 olim
963 2059 1152 2100 conclusa
1181 2059 1261 2100 fuit
1281 2058 1365 2099 sola
1385 2058 1612 2099 Thebaide.
1664 2060 1755 2099 Cae-

318 2137 404 2168 tera
423 2133 563 2181 postea
582 2135 769 2166 concreta
790 2125 874 2165 Nili
903 2125 1132 2166 alluvione:
1166 2127 1228 2166 καὶ
1256 2125 1299 2165 τὸ
1330 2126 1496 2178 ἀρχαῖον
1519 2126 1543 2175 ἡ
1562 2127 1756 2177 Αἴγυπτος

318 2193 454 2244 Θῆβαι
474 2192 722 2242 καλούμεναι.
755 2192 827 2230 ST
830 2192 974 2232 ANL.
1031 2193 1199 2233 Thebas
1221 2191 1423 2233 Boeoticas
1442 2193 1561 2232 πόλιν
1582 2189 1755 2244 ὠγυγίαν

315 2268 434 2300 vocat
454 2258 679 2313 AEschylus
701 2259 815 2313 Sept.
837 2273 876 2298 v.
896 2271 993 2312 321.
1033 2291 1037 2294 «

372 2327 562 2379 ὠγυγίους
588 2324 758 2365 codices.
799 2325 965 2378 ὠγυγίου
996 2324 1105 2365 Rob.
1151 2325 1320 2378 ὤγυγίας
1347 2323 1449 2364 Ald.
1481 2325 1618 2364 Turn.
1640 2322 1754 2378 quod

316 2408 380 2434 me
401 2393 564 2433 nolente
583 2391 786 2432 relictum.

371 2473 441 2515 39.
463 2457 707 2512 ἑλειοβάται]
742 2457 940 2514 Intelligit
955 2458 1108 2499 incolas
1135 2457 1258 2499 ἑλέων
1278 2457 1488 2512 regionum
1508 2455 1754 2512 palustrium

316 2526 508 2583 AEgypti.
538 2525 622 2566 vid.
652 2535 745 2580 post
775 2525 898 2566 schol.
929 2525 1148 2581 Spanhem.
1167 2524 1221 2564 ad
1248 2523 1408 2564 Julian.
1432 2537 1476 2578 p.
1498 2532 1593 2576 255.
1623 2523 1757 2562 Hem-

315 2594 438 2635 sterh.
469 2593 522 2634 ad
555 2591 766 2647 Aristoph.
801 2591 912 2633 Plut.
945 2607 985 2633 v,
1018 2593 1112 2645 178.
1144 2600 1186 2632 et
1211 2589 1458 2645 Wesseling.
1485 2589 1539 2630 ad
1567 2589 1750 2630 Hierocl.

317 2659 493 2716 Synecd.
514 2674 557 2715 p.
579 2661 674 2712 716.
716 2658 966 2714 Thucydide
986 2667 1087 2699 teste
1111 2671 1148 2708 1,
1175 2671 1265 2698 110.
1290 2655 1445 2698 Ἔλειοι
1473 2655 1539 2697 isti
1559 2657 1751 2712 AEgyptii

314 2735 429 2769 erant
448 2725 630 2767 omnium
651 2724 954 2766 bellicosissimi.
983 2726 1290 2766 ABRESCH.

369 2807 441 2846 40.
467 2791 690 2847 ἀνάριθμοι]
719 2790 931 2844 ἀνάριθμον
961 2792 1096 2833 Turn.
1117 2801 1157 2834 et
1180 2790 1337 2847 aliquot
1360 2788 1483 2831 codd.
1502 2802 1679 2844 quorum
1709 2787 1751 2828 in

315 2875 398 2902 uno
418 2859 641 2912 ἀνήριθμον.

368 2939 440 2979 42.
480 2927 644 2983 ἐπίπαν]
684 2926 920 2983 Composita
957 2941 982 2967 a
1017 2928 1097 2967 πᾶν
1134 2924 1320 2967 ultimam
1362 2922 1573 2978 corripere*
1601 2919 1751 2962 solent.
