1898 3256
346 259 436 300 AD
468 256 723 300 SEPTEM
759 253 1092 297 ADVERSUS
1125 250 1398 293 THEBAS.
1518 248 1603 293 219

197 383 295 425 941.
325 388 390 426 χο.
419 370 640 428 praefixum
668 369 712 410 in
732 367 833 411 Ald.
857 368 994 409 Turn.
1025 365 1089 418 ἡμ.
1118 362 1160 405 in
1182 362 1294 404 Rob.
1355 361 1462 412 Quae
1492 367 1602 401 recte

139 437 291 480 delevit
313 438 573 481 Schuetzius.

198 519 298 562 943.
330 509 352 549 ὁ
380 508 540 551 πόντιος
567 505 713 561 ξεῖνος]
745 502 986 553 Scholiasta,
1005 502 1169 543 πόντιον
1188 498 1260 540 τὸν
1281 498 1446 551 σίδηρον
1472 496 1599 550 λέγει,

140 574 201 615 ὅτι
230 576 268 616 οἳ
297 574 485 628 Χάλυβες
511 574 702 628 παράλιοί
729 574 844 620 εἰσιν,
877 572 922 613 ἐν
950 570 1008 613 οἷς
1037 571 1059 611 ὁ
1091 569 1252 621 σίδηρος
1281 567 1447 619 γίνεται.
1490 563 1602 616 ξένος

142 642 333 695 Χάλυβος
352 647 512 685 Σκυθῶν
532 643 692 686 ἄποικος
711 650 883 683 vocatur
902 655 942 681 v.
966 649 989 693 7
996 637 1064 681 28.

200 721 299 766 945.
320 711 505 768 δατητὰς]
527 710 720 762 διαιτητὴς
740 707 845 751 Ald.
875 707 1018 758 δαητᾶς
1037 705 1118 746 Ar.
1140 702 1252 744 Rob.

201 780 296 832 946.
318 777 501 834 πατρῴαν
522 778 744 820 Burneius.
803 774 1047 832 Legebatur
1065 772 1226 825 πατρός.

198 846 343 901 ἀληθῆ]
369 845 641 887 Scribendum
662 846 791 896 ἀλαθῆ
810 859 863 886 ex
883 842 1062 886 Vindob.
1084 841 1263 882 duobus.
1295 831 1424 891 ἀλᾶθῆ
1446 838 1513 880 Μ.

199 925 441 970 947-950,
469 913 700 971 Antigonae
729 912 923 956 tribuunt
945 910 1051 953 Ald.
1085 910 1221 951 Turn.
1284 909 1530 950 Cot-rectum
1559 905 1604 947 in

203 1061 300 1105 947.
319 1050 458 1103 μέλεοι
476 1050 727 1108 disyllabum
744 1066 753 1092 :
786 1065 826 1091 v,
846 1048 901 1090 ad
921 1063 961 1089 v,
983 1047 1080 1101 877.
1103 1045 1134 1087 ὦ
1153 1061 1235 1088 om.
1258 1046 1325 1087 M.

202 1119 299 1172 948.
332 1120 547 1160 διοσδότων
573 1118 721 1173 ἀχέων]
751 1118 849 1159 Non
879 1114 1102 1172 respondet
1130 1114 1197 1155 hic
1226 1128 1368 1156 versus
1397 1110 1608 1169 strophico

147 1196 246 1243 935.
267 1189 466 1239 διατομαῖς
483 1186 531 1228 οὐ
559 1188 710 1240 φίλαις.
741 1186 927 1227 διοδότων
946 1182 1106 1238 scripsit
1127 1182 1329 1224 Bothius:
1361 1196 1447 1238 qua
1472 1180 1608 1222 forma

145 1254 222 1296 etsi
244 1254 305 1296 uti
325 1254 508 1311 potuisse
527 1255 699 1296 Graecos
719 1252 892 1295 Diodoti
919 1267 1069 1294 nomen
1089 1251 1226 1302 docet,
1248 1260 1386 1292 tamen
1407 1264 1505 1291 usos
1523 1263 1610 1291 esse

147 1321 264 1363 nullo
282 1321 473 1378 exemplo
491 1330 666 1363 constat.
720 1320 1001 1372 Quamobrem
1020 1318 1278 1376 probabilius
1290 1317 1438 1374 judico
1458 1315 1611 1359 διοσδό-

146 1406 225 1432 των
244 1405 296 1438 ex
314 1389 561 1447 glossemate
580 1404 666 1431 esse
685 1388 907 1430 invectum.
968 1388 1163 1429 Fortasse
1193 1386 1456 1428 scribendum
1481 1389 1610 1427 διοπε-

147 1462 226 1500 τῶν
246 1458 419 1512 ἀλγέων.
450 1461 634 1501 διιπετεῖς
654 1456 859 1511 συμφοράς
878 1456 1007 1498 dictas
1027 1471 1115 1497 esse
1133 1454 1347 1497 annotavit
1366 1456 1514 1511 Etym.
1539 1455 1606 1495 M.

147 1541 192 1583 p.
217 1536 314 1582 275,
336 1538 405 1569 20.
467 1527 535 1567 De
562 1525 695 1580 ἀχέων
714 1525 757 1566 in
784 1524 944 1579 ἀλγέων
964 1524 1167 1566 mutando
1191 1524 1313 1566 etiam
1336 1522 1611 1565 Blomfieldus

149 1594 361 1651 cogitavit.
420 1594 532 1636 Aliis
549 1594 722 1636 fortasse
742 1593 900 1648 ἀχθέων
918 1592 1109 1649 placebitL

209 1675 307 1717 949.
329 1663 405 1704 ὑπὸ
426 1663 469 1704 δὲ
489 1663 640 1714 σώματι
661 1662 831 1716 (χώματι
848 1660 1138 1714 Blomfieldus)
1157 1663 1231 1714 γᾶς
1242 1664 1413 1705 πλοῦτος
1429 1660 1613 1712 ἄβυσσος

153 1729 282 1785 ἔσται]
311 1730 468 1770 Verum
493 1728 712 1769 verborum
744 1741 924 1777 sensum,
951 1741 1103 1767 amarae
1132 1725 1274 1766 ironiae
1303 1725 1523 1782 gravisque
1552 1741 1615 1766 re-

152 1795 434 1855 prehensionis
454 1796 640 1852 plenum,
663 1794 874 1836 Heathius
894 1803 1107 1835 assecutus
1127 1803 1202 1835 est.
1255 1795 1397 1844 Quum
1420 1793 1614 1835 Eteocles

154 1875 196 1906 et
227 1863 445 1921 Polynices
473 1864 597 1905 ambo
626 1863 678 1904 de
708 1873 817 1904 terra
848 1862 1053 1903 Thebana
1086 1862 1407 1913 contendissent,
1439 1872 1615 1919 uterque

153 1942 292 1977 autem
314 1932 425 1974 solus
452 1932 580 1989 hujus
600 1939 720 1973 terrae
739 1931 933 1972 dominus
951 1946 1038 1972 esse
1058 1930 1270 1981 voluisset,
1291 1930 1444 1972 ironice
1463 1930 1616 1972 chorus

154 2001 261 2043 hanc
291 2000 502 2042 avaritiam
540 2014 650 2040 nunc
679 1998 836 2056 expleri
866 1998 1082 2055 significat,
1112 1998 1226 2055 quod
1257 2009 1463 2055 quantum
1495 2008 1616 2040 terrae

154 2069 334 2126 spatium
375 2068 454 2110 sub
491 2067 700 2118 cadavere,
741 2082 873 2123 quum
915 2067 1124 2124 sepultum
1164 2067 1305 2118 fuerit,
1336 2067 1613 2118 contineatur,

153 2137 345 2195 quamvis
362 2137 561 2178 immensa
583 2135 636 2177 sit
661 2135 782 2192 spatii
808 2135 1088 2192 profunditas,
1109 2135 1152 2177 id
1180 2136 1257 2177 sibi
1284 2135 1461 2192 quisque
1482 2135 1615 2176 vindi-

154 2222 247 2248 care
267 2205 418 2247 scilicet
437 2204 578 2261 possit.
610 2202 678 2245 Cf.
701 2218 741 2244 v.
760 2214 856 2259 731.
880 2205 1011 2245 SCH.
1045 2204 1112 2246 Sic
1125 2204 1214 2261 jam
1231 2205 1462 2256 scholiasta,
1479 2205 1615 2257 πολλὴ

155 2277 224 2327 τῆς
242 2276 313 2328 γῆς
330 2274 355 2325 ἡ
376 2273 551 2326 ἀφθονία
567 2272 820 2313 ὑποκείσεται
839 2272 982 2316 αὐτοῖς.

213 2341 383 2398 σώματι]
406 2342 563 2393 σώμασι
582 2341 635 2381 F.
666 2340 846 2392 σώματος
865 2339 969 2381 Ald.
991 2341 1128 2382 Turn.

171 2455 175 2460 ,
212 2421 311 2466 951.
332 2409 457 2465 ΗΜ.]
481 2410 658 2450 Ismenae
678 2422 827 2449 nomen
847 2408 1068 2464 praefixum
1087 2409 1131 2449 in
1152 2408 1255 2450 Ald.
1278 2410 1417 2450 Turn.

215 2479 501 2520 ἐπανθίσαντες
520 2475 713 2517 Bothius.
772 2475 1015 2532 Legebatur
1035 2476 1342 2528 ἐπανθήσαντες.

215 2555 312 2600 952.
342 2544 505 2586 πόνοισί
529 2560 578 2596 γε
607 2543 747 2594 δόμους
767 2542 946 2584 Vindob.
975 2543 1075 2585 duo.
1105 2545 1268 2586 πόνοισί
1294 2561 1343 2598 γε
1372 2545 1504 2597 δόμοις
1535 2545 1617 2587 Ba-

158 2629 266 2655 rocc.
283 2611 386 2653 Ald.
407 2612 570 2652 πόνοισί
586 2627 634 2664 γε
653 2610 765 2662 δόμοι
784 2610 892 2652 Rob.
915 2612 1054 2653 Turn.
1075 2614 1235 2654 πόνοισι
1253 2615 1399 2666 γενεὰν
1424 2611 1431 2670 Ι
1456 2614 1620 2655 πόνοισί

160 2703 208 2741 γε
227 2677 369 2738 δόμοῧς
388 2685 453 2725 Μ.
483 2685 642 2726 πόνοισι
660 2685 807 2737 γενεὰν
825 2684 984 2727 πόνοισι
1004 2687 1114 2738 δόμοι
1135 2687 1189 2727 L.
1251 2685 1525 2728 scribendum
1545 2687 1616 2728 πό-

161 2772 266 2797 νοισι
283 2755 442 2807 γενεάν,
463 2751 599 2794 deleto
617 2751 861 2808 glossemate
879 2753 1039 2794 πόνοισι
1057 2754 1208 2805 δομούς.

219 2832 315 2877 953.
336 2819 408 2862 αἵδ’
429 2835 512 2861 om.
531 2819 690 2876 aliquot
707 2818 831 2861 codd.

220 2902 319 2945 955.
341 2887 622 2942 τετραμμένου]
646 2886 912 2940 τετραμμένον
931 2887 1046 2929 Rob.

219 2955 446 3011 παντρόπῳ]
465 2956 679 3011 παντρόφῳ
701 2955 749 2996 C.

220 3023 380 3079 γένους]
400 3026 468 3064 τοῦ
488 3023 626 3077 γένους
647 3022 754 3064 Rob.

831 3106 858 3133 E
880 3109 902 3133 e
927 3105 948 3135 2
