1898 3256
686 231 777 273 AD
810 230 1062 272 PERSAS.
1524 228 1612 276 279

199 343 242 383 τί
266 341 382 398 ποτε]
416 340 690 383 Scribendum
721 341 833 383 τίπτε
860 356 910 382 ex
943 342 999 392 B,
1020 341 1063 382 in
1094 356 1180 397 quo
1209 350 1452 383 annotatum
1480 359 1542 396 yp.
1574 344 1615 384 τί

143 425 252 450 ποτε.
296 410 407 451 τίπτε
434 409 588 465 legitur
617 409 732 466 apud
763 408 1015 467 AEschylum
1047 410 1205 465 Agam.
1227 421 1325 465 975.
1353 419 1395 451 et
1417 409 1613 467 Sophocli

144 493 222 535 pro
244 478 279 519 τί
296 494 394 519 ποτε
412 487 474 519 est
495 477 731 519 restitutum
753 477 932 519 Philoct.
953 493 993 519 ν.
1013 477 1137 531 1089.

199 547 302 600 556.
325 544 530 601 τόξαρχος]
552 543 746 600 τοξάρχης
767 546 878 587 Α.Β.

202 613 420 669 πολιήταις]
450 615 632 657 πολίταις
658 623 740 654 tres
759 613 878 655 codd.
900 623 942 655 et
962 613 1066 655 Ald.
1090 613 1198 655 Rob.
1223 614 1361 654 Turn.
1407 611 1612 663 πολιήταις

145 680 293 737 reliqui
314 681 435 723 codd.
457 691 498 723 et
521 681 664 737 Steph.
713 724 734 747 Ο

201 759 302 805 557.
331 749 538 804 Σουσίδος]
559 750 748 792 Σουσίδες
769 749 833 790 Μ.
887 749 1160 790 Scribendum
1183 749 1393 791 Σουσίδαις
1412 762 1463 788 ex
1485 746 1610 788 schol.

145 830 187 861 et
207 820 376 860 Barocc.
399 817 503 859 Ald.
527 819 666 858 Turn.
697 818 887 859 Σουσίδαι
906 817 1036 859 codex
1060 816 1390 859 Lambethanus.

204 886 345 942 ἄκτωρ]
381 886 502 927 Duoe.
538 887 719 926 Eumen.
756 886 854 940 398.
879 885 1058 940 Ἀχαιῶν
1089 885 1250 939 ἄκτορές
1283 901 1327 926 τε
1361 885 1423 926 καὶ
1456 883 1612 938 πρόμοι.

148 955 378 997 BLOMF.

204 1023 303 1078 558.
321 1040 364 1064 τε
378 1022 456 1078 καὶ]
477 1039 521 1064 τε
538 1024 614 1076 γὰρ
636 1023 699 1063 καὶ
722 1023 786 1063 Μ.
809 1031 851 1063 et
870 1021 991 1063 codd.
1012 1021 1200 1079 plerique
1216 1036 1311 1063 cum
1329 1020 1439 1062 Rob.
1458 1021 1599 1062 Turn.

204 1105 303 1146 559.
335 1090 544 1144 ὁμόπτεροι
578 1089 830 1132 Brunckius.
873 1089 946 1131 αἵδ’
983 1089 1068 1145 (vel
1100 1092 1141 1131 αἱ
1176 1089 1229 1143 δ’)
1267 1088 1477 1142 ὁμόπτεροι
1505 1087 1613 1129 libri.

149 1159 217 1200 De
236 1158 463 1213 λινόπτεροι
483 1158 680 1214 cogitavit
703 1157 960 1199 Schuetzius.
997 1157 1238 1207 Scholiasta,
1261 1159 1302 1198 αἱ
1322 1155 1531 1210 ὁμόπτεροι
1552 1157 1615 1198 καὶ

148 1230 230 1270 τοῖς
251 1227 382 1270 αὐτοῖς
401 1231 559 1280 πτεροῖς
579 1224 867 1279 κουφιζόμεναι,
887 1224 912 1276 ἢ
932 1227 973 1266 αἱ
992 1226 1133 1277 ὁμοίως
1152 1228 1309 1278 πτεροῖς
1329 1224 1505 1265 θέουσαι.

207 1293 459 1348 κυανώπιδες]
482 1297 686 1341 κυανῶπις,
711 1294 794 1335 Cui
810 1307 946 1350 prora
966 1307 1099 1349 cyano
1119 1292 1246 1333 oblita
1266 1297 1337 1333 est.
1368 1291 1478 1333 idem
1499 1291 1615 1347 quod

149 1359 422 1414 κυανόπρωρος
449 1361 564 1417 apud
601 1362 850 1411 Homerum,
884 1369 926 1401 et
962 1360 1237 1413 κυανέμβολος
1270 1359 1421 1416 Eurip.
1456 1359 1613 1400 Electr.

147 1430 246 1485 436.
268 1428 420 1485 Odyss.
442 1432 499 1470 M.
522 1430 590 1470 60.
622 1430 862 1472 κυανώπιδος
883 1427 1150 1482 Ἀμφιτρίτης.
1196 1430 1371 1469 Proram
1401 1429 1518 1470 navis
1528 1430 1615 1484 fa-

148 1498 250 1538 ciem
269 1494 484 1538 dicebant:
520 1495 669 1552 Suppl.
688 1508 783 1549 711.
802 1496 880 1537 Καὶ
899 1501 1035 1550 πρῶρα
1053 1496 1228 1550 πρόσθεν
1248 1498 1398 1548 ὄμμασι
1416 1493 1613 1548 βλέπουσ’

149 1562 254 1606 ὁδόν.
285 1564 514 1606 BLOMF.
567 1565 721 1605 Versus
741 1573 977 1620 corruptus.

205 1633 304 1686 560.
325 1632 478 1685 ἤγαγον
498 1632 550 1672 Β.
582 1633 736 1685 ἄγαγον
757 1631 898 1687 vulgo,
921 1631 1035 1687 quod
1055 1631 1348 1672 revocandum.

206 1700 306 1753 562.
336 1698 654 1752 πανωλέθροισιν
676 1698 812 1740 Viteb.
833 1699 945 1740 Rob.
990 1700 1325 1752 πανωλεθρίοισιν
1351 1697 1473 1739 codd.
1494 1696 1618 1752 pleri-

151 1782 235 1823 que
271 1782 366 1808 cum
400 1768 538 1808 Turn.
578 1768 892 1823 πανολεθρίῃσιν
924 1766 1026 1809 Ald.
1077 1768 1180 1808 Post
1214 1767 1409 1818 ἐμβολαῖς
1439 1779 1617 1817 comma,

150 1845 245 1891 post
282 1835 405 1889 χέρας
438 1844 643 1892 punctum
684 1843 865 1891 ponatur
905 1835 1131 1876 secundum
1175 1834 1433 1875 scholiastam
1473 1847 1616 1873 recen·

150 1901 309 1944 tiorem.

207 1973 307 2026 563.
329 1973 392 2012 διὰ
412 1970 443 2012 δ’
464 1970 645 2026 Ἰαόνων]
667 1970 712 2012 δι’
733 1969 863 2012 ἆόνων
885 1970 995 2011 Rob.

207 2041 307 2093 564.
348 2038 468 2080 τυτθά
505 2037 541 2092 γ’
579 2039 792 2079 Porsonus
825 2053 874 2079 ex
909 2037 1070 2078 Pauwii
1103 2036 1435 2093 interpolatione,
1469 2037 1615 2078 vitiosa

149 2105 473 2162 praecedentium
497 2106 717 2147 verborum
738 2105 1071 2161 interpunctione
1090 2104 1265 2160 decepti.
1312 2105 1613 2146 Revocandum

150 2174 266 2230 quod
295 2173 338 2214 in
369 2173 483 2216 libris
517 2183 579 2214 est
613 2176 733 2214 τυτθὰ
768 2173 814 2214 δ’.
867 2174 1079 2223 “Quanta
1105 2182 1243 2213 autem
1277 2187 1352 2228 per
1381 2171 1617 2214 discrimina

154 2241 304 2283 Sardes
331 2241 593 2297 pervenerint
613 2240 759 2297 copiae,
781 2256 885 2297 quas
915 2254 1051 2282 secum
1085 2239 1252 2280 reduxit
1273 2240 1453 2290 Xerxes,
1475 2250 1616 2281 narrat

154 2308 399 2350 Herodotus
429 2309 470 2360 8,
504 2319 597 2363 115.
628 2308 786 2365 quippe
818 2318 971 2350 coactae
998 2307 1221 2357 fructibus,
1253 2306 1396 2358 herba,
1428 2322 1503 2349 nec
1533 2322 1616 2348 non

152 2375 374 2417 corticibus
402 2385 443 2416 et
472 2376 693 2417 frondibus
722 2376 854 2424 vesci3
888 2389 1166 2431 magnamque
1194 2382 1352 2430 partem
1382 2374 1618 2430 pestilentia

153 2458 201 2484 ac
221 2442 455 2499 dysenteria
480 2443 588 2484 inter
608 2443 717 2484 viam
745 2444 971 2485 exstinctae.
1022 2443 1133 2492 Quin
1164 2451 1204 2482 et
1233 2457 1308 2482 rex
1334 2441 1422 2498 ipse
1453 2443 1619 2483 naufra-

154 2509 270 2566 gium
291 2525 373 2551 non
393 2510 601 2561 evitasset,
622 2510 700 2551 nisi
722 2512 862 2552 Persae
882 2511 1116 2552 desilientes
1134 2509 1176 2550 in
1199 2524 1310 2550 mare
1326 2525 1471 2551 navem
1488 2510 1618 2552 levas-

155 2578 282 2620 sent.''
314 2579 536 2620 STANL.

211 2650 310 2703 565.
347 2648 482 2703 αὐτὸν]
516 2649 643 2689 αὐτῶν
682 2647 777 2688 edd.
818 2657 914 2688 ante
953 2644 1228 2687 Brunckium.
1280 2645 1524 2685 correctum
1566 2660 1618 2685 ex

156 2716 337 2756 A.B.M.
357 2715 542 2771 aliisque.

214 2783 266 2825 ὡς
285 2781 493 2836 ἀκούομεν]
525 2782 593 2822 De
612 2780 915 2822 constructione
940 2780 1088 2820 horum
1110 2779 1331 2820 verborum
1353 2778 1537 2819 diximus
1566 2778 1620 2820 ad

155 2864 196 2889 v.
217 2849 310 2903 189.

213 2918 312 2970 566.
344 2915 398 2967 ἂμ
425 2915 634 2970 πεδιήρεις]
668 2914 934 2956 Scribebatur
954 2912 1213 2966 ἆμπεδιήρεις.
1259 2914 1334 2954 ἀνὰ
1355 2912 1550 2965 πεδιήρεις
1569 2915 1618 2955 C.

155 2990 196 3023 et
216 2997 301 3023 uno
322 2982 524 3025 vocabulo
546 2982 655 3024 Rob.
