1898 3256
683 220 773 261 AD
805 218 1056 261 PERSAS.
1524 220 1611 264 9259

201 346 296 389 259.
317 333 533 389 διαίνεσθε]
554 333 755 375 διαίνεσθε
774 331 939 374 δάκουσι
956 331 1066 373 Rob.

201 403 298 444 260.
319 400 448 443 πάντα
466 400 521 456 γ’]
541 399 655 442 πάντ’
678 399 782 442 Ald.
805 399 918 441 Rob.

198 469 537 524 διαπεπραγμένα]
572 468 866 511 Pessumdata.
912 466 1236 520 Διαπέπραγμαι,
1272 466 1425 508 Actum
1459 473 1522 509 est
1559 467 1611 508 de

141 551 218 579 me.
280 538 332 578 In
365 537 444 579 hoc
478 552 599 579 sensu
633 535 891 593 praeteritum
922 544 1085 577 tantum
1121 534 1306 592 ponitur.
1360 534 1481 576 Infra
1511 545 1612 591 523.

142 605 196 647 Οἳ
227 607 304 659 ἐγὼ
334 604 506 648 τάλαινα
533 604 878 659 διαπεπραγμένου
908 606 1090 658 στρατοῦ.
1142 602 1332 660 Choeph.
1357 603 1453 644 868.
1476 606 1611 646 διαπε-

142 674 357 730 πραγμένῳ
389 675 615 730 interficio.
656 672 759 715 ibid.
794 674 917 715 1006.
953 674 1135 728 Στυγερῷ
1167 670 1323 727 θανάτῳ
1360 670 1612 726 διεπράχθης.

144 741 295 798 Eurip.
320 741 472 782 Helen.
495 741 591 793 864.
623 739 827 788 Μενέλαε,
858 737 1183 793 διαπεπράγμεθ’.
1234 739 1431 796 Sophocl.
1456 739 1613 781 Trach.

145 810 241 864 786.
272 813 355 851 Τοῦ
383 810 459 861 μὲν
489 812 714 857 νοσοῦντος,
748 811 818 850 τοῦ
847 809 889 850 δὲ
921 807 1278 861 διαπεπραγμένου.
1331 808 1441 850 Haeo
1471 807 1615 850 citavit

143 876 349 919 Abresch.
399 876 563 919 Eodem
594 891 716 918 sensu
750 876 864 933 apud
896 876 1048 933 Eurip.
1084 876 1180 918 Ion.
1212 885 1311 932 353.
1364 876 1616 933 Simpliciter

146 944 316 1002 ponitur
349 960 427 1002 pro
453 950 652 1002 peractus
683 945 726 986 in
760 944 951 1001 Choeph.
983 954 1081 1000 737.
1114 943 1266 1002 Eurip.
1303 944 1457 988 Helen.
1488 958 1615 1001 1193.

147 1013 379 1055 BLOMF.

207 1083 303 1125 261.
327 1081 442 1126 αὐτὸς
462 1082 686 1123 Porsonus.
719 1080 859 1125 καύτὸς
878 1080 984 1122 libri.

204 1149 256 1206 δ’]
277 1149 312 1204 γ’
336 1149 534 1192 Cantabr.
556 1164 633 1191 sec.

207 1220 302 1274 265.
335 1216 504 1273 ἐφάνθη]
537 1216 717 1271 ἐφαάνθη
737 1225 939 1274 quattuor
965 1215 1085 1258 codd.
1108 1226 1150 1257 et
1171 1215 1271 1257 Ald.
1296 1217 1436 1257 Turn.
1486 1213 1617 1269 ἐφάνη

149 1286 204 1328 A.
226 1286 380 1342 aliique
400 1284 600 1327 nonnulli.

206 1355 394 1410 γεραιοῖς]
415 1357 592 1408 γηραιοῖς
611 1353 713 1395 Ald.
735 1352 847 1394 Rob.

209 1424 305 1465 266.
327 1423 391 1478 γε]
412 1439 455 1464 τε
476 1422 542 1463 Μ.
562 1420 728 1477 aliique.

211 1492 306 1544 267.
341 1490 515 1545 Πέρσαι]
543 1488 721 1543 Πέρσαις
754 1489 866 1530 Rob.
917 1488 1080 1530 Eadem
1120 1487 1307 1530 lectionis
1341 1486 1621 1544 discrepantia

152 1575 192 1601 v,
211 1572 307 1614 255.
357 1559 551 1599 Fortasse
571 1556 796 1613 utrobique
816 1555 982 1598 dativus
1003 1555 1302 1613 praeferendus.

213 1628 740 1681 268—271=274—-277.

213 1695 309 1737 268.
341 1706 437 1750 274.
468 1693 662 1749 ὀτοτοτοῖ]
699 1694 720 1734 ὀ
741 1709 785 1733 το
806 1696 870 1734 τοῖ
886 1695 951 1733 τοῖ
979 1692 1046 1732 Μ.
1074 1691 1143 1733 hic
1177 1698 1218 1732 et
1251 1690 1372 1732 infra.
1424 1691 1622 1733 Aliorum

154 1760 354 1803 librorum
376 1760 476 1802 vitia
495 1768 593 1802 sunt
612 1760 789 1802 ὂτοτοτοὶ
808 1759 880 1810 τοὶ,
901 1758 964 1800 vel
987 1760 1183 1801 ὀτοτοιτοῖ
1200 1758 1276 1809 τοὶ,
1297 1757 1364 1800 vel
1384 1760 1622 1800 ὀττοττοτοΐ.

214 1839 311 1883 270.
333 1828 420 1884 γᾶς]
440 1831 513 1882 γῆς
533 1827 635 1870 Ald.

210 1895 389 1951 Ἀσίδος]
423 1895 611 1940 Ἀσιάδος
643 1895 804 1952 aliquot
842 1895 963 1937 codd.
1003 1903 1045 1936 et
1081 1895 1191 1936 Rob.
1244 1899 1271 1919 “
1287 1893 1450 1938 Ἀσίδος
1490 1894 1625 1951 prima

156 1963 295 2019 longa.
329 1963 477 2020 Suppl.
497 1976 596 2019 544.
614 1962 763 2006 Ἰάπτει
784 1962 814 2004 δ’
835 1962 997 2006 Ἀσίδος
1019 1962 1067 2004 δι’
1089 1965 1188 2007 αἴας.
1232 1962 1359 2004 Ovid.
1383 1963 1559 2004 Metam.
1580 1972 1625 2018 5,

158 2032 255 2084 648.
294 2033 397 2073 Jam
429 2046 558 2088 super
588 2033 794 2088 Europen
824 2032 1015 2073 sublimis
1046 2037 1086 2072 et
1118 2031 1253 2072 Asida
1289 2031 1468 2072 terras.''
1516 2045 1626 2072 mm·-

159 2113 309 2141 NEIUs.
359 2098 558 2156 Apollon.
600 2098 743 2140 Rhod.
781 2112 819 2148 1,
854 2111 952 2151 444.
997 2097 1150 2150 Τηλόθι
1194 2116 1271 2140 που
1317 2097 1519 2151 πέπρωται
1564 2097 1624 2140 ἐπ’

157 2167 318 2211 Ἀσίδος
336 2168 524 2221 ἠπείροιο.
567 2181 607 2217 2,
628 2177 728 2222 779.
752 2166 837 2209 Οἶδ’
861 2167 1019 2216 ἐσιδὼν,
1041 2167 1109 2208 ὅτε
1130 2170 1243 2220 δεῦρο
1265 2165 1310 2208 δι’
1331 2165 1494 2210 Ἀσίδος
1512 2167 1624 2219 ἠπεί-

157 2253 255 2290 ροιο.
289 2235 400 2286 Quin
421 2244 462 2277 et
481 2235 596 2293 apud
615 2235 867 2292 Dionysium
889 2234 1053 2290 Perieg.
1070 2249 1192 2276 voces
1209 2233 1371 2278 Ἀσίδος
1392 2236 1477 2287 αἴης
1495 2235 1626 2276 hexa-

159 2313 337 2345 metrum
359 2303 508 2360 saepius
521 2303 736 2345 claudunt.
768 2302 979 2345 Nicander
995 2302 1119 2343 Alex.
1139 2316 1175 2344 1.
1198 2305 1249 2344 Ei
1270 2303 1333 2344 καὶ
1352 2303 1406 2354 μὴ
1422 2303 1628 2357 σύγκληρα

161 2367 240 2410 κατ’
261 2367 406 2411 Ἀσίδα
419 2370 556 2424 τείχεα
576 2372 700 2422 δῆμοι.
733 2369 857 2411 Ovid.
875 2370 1051 2410 Metam.
1070 2383 1112 2424 9,
1127 2379 1226 2423 447.
1249 2375 1287 2410 et
1302 2370 1349 2409 in
1366 2369 1495 2410 Aside
1511 2376 1629 2411 terra

161 2436 327 2477 Moenia
345 2438 578 2478 constituis.
609 2438 785 2478 Homer.
808 2436 931 2478 Iliad.
955 2441 998 2478 Β.
1018 2438 1118 2488 461.
1138 2435 1265 2492 Ἀσίῳ
1286 2437 1331 2478 ἐν
1350 2440 1526 2488 λειμῶνι.
1553 2436 1628 2478 ubi

159 2503 342 2545 absurda
370 2504 562 2560 quaedam
592 2505 881 2561 excogitarunt
905 2504 1163 2560 grammatici
1193 2504 1246 2545 de
1271 2505 1375 2546 Asio
1401 2514 1540 2561 pram,
1571 2505 1630 2546 sic

164 2570 277 2612 dicto
296 2571 349 2613 ab
369 2572 471 2616 ἆσις.
516 2572 610 2614 Vid.
633 2572 830 2614 Lambini
849 2572 904 2614 ad
926 2573 1147 2614 Muretum
1169 2571 1404 2628 Epistulam
1424 2572 1466 2614 in
1488 2573 1628 2630 Epist.

167 2637 327 2680 Claror.
349 2639 482 2680 Viror.
508 2641 589 2682 vol.
612 2652 652 2682 2.
682 2655 725 2697 p.
745 2641 843 2693 408.
908 2641 1042 2682 Recte
1076 2639 1218 2697 igitur,
1247 2650 1296 2682 ut
1324 2640 1486 2697 opinor,
1517 2641 1630 2682 Her-

165 2721 343 2747 mannus
361 2706 403 2747 in
424 2707 574 2764 Eurip.
593 2708 751 2750 Electr.
769 2718 867 2764 315.
889 2708 1089 2765 reposuit,
1108 2708 1205 2762 πρὸς
1224 2707 1255 2750 δ’
1274 2709 1451 2762 ἕδραισιν
1469 2707 1631 2753 Ἀσίδες

167 2774 307 2826 Δμωαὶ
355 2774 573 2824 στατίζουσ’
633 2791 711 2832 pro
753 2775 948 2832 vulgatis,
1006 2775 1100 2829 πρὸς
1155 2777 1186 2817 δ’
1228 2776 1356 2829 ἕδραις
1392 2775 1628 2827 Ἀσιήτιδες.

165 2842 398 2884 BLOMF.
461 2842 583 2885 Conf.
620 2843 672 2884 ad
715 2845 858 2885 Prom.
896 2853 992 2899 735.
1028 2853 1071 2885 et
1107 2846 1222 2886 Pers.
1257 2857 1353 2898 249.
1391 2853 1493 2900 549.
1532 2846 1627 2900 763.

166 2908 363 2951 Similiter
378 2910 555 2964 Δωρίδος
570 2910 612 2952 in
631 2909 832 2965 Δωριάδος
850 2919 1094 2968 corruptum
1113 2912 1155 2954 in
1176 2911 1291 2954 libris
1310 2911 1502 2969 pluribus
1521 2911 1630 2954 infra

152 2990 205 3023 v.
228 2975 324 3031 817.

833 3045 957 3089 xkz
