1898 3256
346 241 436 282 AD
469 239 723 283 SEPTEM
756 239 1087 282 ADVERSUS
1120 237 1392 280 THEBAS.
1522 237 1606 278 146

139 355 223 395 τοῖς
240 354 444 405 πολεμίοις
465 354 529 396 ἐπὶ
548 357 616 406 τῆς
635 355 751 406 ἀϋτῆς
768 356 848 395 τῶν
867 354 1023 395 στόνων
1041 355 1174 406 γενοῦ,
1196 352 1281 393 οἷον
1304 351 1369 392 ἐπὶ
1390 353 1459 391 τοῦ
1487 350 1608 391 πολέ-

138 435 227 471 μου·
255 419 362 462 alius
390 421 432 462 in
462 421 553 463 cod.
575 421 764 463 Parisino
788 420 904 478 apud
933 420 1194 462 Brunckium
1228 421 1346 461 ἕνεκα
1375 421 1443 470 τῆς
1474 420 1608 472 φωνῆς

139 490 218 528 τῶν
245 493 477 542 στεναγμῶν
505 490 624 542 ἡμῶν.
690 489 917 531 Scholiasta
945 488 1159 539 recentior,
1191 492 1268 529 τῶν
1297 486 1495 540 ἡμετέρων
1520 503 1609 527 στε-

141 555 351 607 ναγμάτων
370 557 572 610 ἀκροατής.
633 557 907 599 Manifestum
940 566 1002 599 est
1025 556 1327 598 nominativum
1360 553 1609 597 substantivi

140 622 315 679 alicujus
335 624 558 666 desiderari
577 626 693 682 quod
722 626 859 668 cretici
889 625 952 666 vel
983 624 1147 666 molossi
1178 638 1412 665 mensuram
1445 622 1606 664 habuit.

143 691 335 733 Fortasse
367 693 520 735 στόνων
553 695 791 737 καππαύτας.
821 693 936 750 quod
974 708 1051 750 pro
1086 694 1333 744 καταπαύτης
1363 691 1417 732 ab
1452 690 1611 747 tragico

141 758 220 800 dici
242 760 380 815 potuit
401 768 448 802 ut
469 762 739 815 καπφθίμενος
758 777 835 819 pro
857 763 1158 815 καταφθίμενος.
1194 761 1350 802 Versus
1363 760 1404 801 in
1421 759 1489 801 ed.
1507 758 1608 800 Ald.

142 825 198 868 sic
242 826 362 869 divisi
398 828 654 886 στρατῷ-ὣ
680 829 686 887 Ι
712 829 957 884 Λητογένεια
972 854 1025 861 --
1051 828 1314 886 ΙἈρτεμι-
1341 827 1347 885 Ι
1374 828 1476 882 ἀμφὶ
1493 851 1551 859 --
1577 826 1584 884 Ι

142 893 357 936 ἔλακον-.

204 964 297 1015 148.
316 965 369 1006 σύ
387 963 419 1005 τ’
440 979 522 1006 om.
545 965 646 1008 Ald.
670 967 806 1007 Turn.

197 1032 443 1086 Λατογένεια
464 1034 530 1075 Μ.
554 1035 687 1076 Taur.
711 1034 866 1090 aliique
886 1032 1090 1076 nonnulli.
1141 1032 1389 1087 Λητογένεια
1409 1032 1552 1089 vulgo.

198 1099 384 1156 πυκάζου]
405 1101 634 1153 πυκάζομαι,
655 1102 798 1144 induo.
830 1103 998 1153 Πυκάζω
1020 1102 1268 1159 plerumque
1283 1101 1487 1158 significat
1503 1108 1611 1158 tego.

144 1167 358 1210 Scholiast.
378 1170 436 1209 A.
458 1170 517 1211 Εὖ
536 1169 719 1218 πυκάζου.
749 1169 835 1222 ἤτοι
856 1170 1049 1224 ἐντέχνως
1080 1170 1144 1211 καὶ
1166 1171 1436 1222 ἐπιστημόνως
1463 1170 1614 1211 ἔντεινε

142 1235 187 1277 τὸ
220 1237 348 1287 τόξον.
380 1237 424 1278 τὸ
457 1239 534 1291 γὰρ
567 1238 671 1279 πύκα
706 1238 794 1280 ἀντὶ
824 1242 894 1280 τοῦ
930 1240 1200 1291 ἐπιστημόνως
1236 1238 1610 1292 παραλαμβάνεται,

142 1304 330 1360 Hesych.
352 1306 479 1347 Πύκα.
504 1307 875 1358 ἐπιμελῶς.-πύκα
905 1305 936 1348 δ’
959 1307 1102 1360 ἔτρεφε
1131 1307 1201 1361 (Il.
1224 1311 1271 1348 E.
1297 1310 1382 1361 70.)
1410 1308 1485 1355 καὶ,
1508 1308 1613 1349 πύκα

141 1376 317 1423 ποιητοῖο
341 1373 413 1426 (Π.
439 1377 484 1414 Σ.
505 1375 619 1427 607.)
644 1374 795 1431 Eurip.
821 1374 990 1416 Heracl.
1015 1386 1112 1430 725.
1135 1376 1282 1431 Κόσμῳ
1308 1375 1478 1426 πυκάζου
1498 1378 1610 1431 τῷδε·

71 1441 73 1445 ’
142 1439 240 1481 Alc.
265 1451 361 1495 799.
382 1441 604 1495 Στεφάνοις
623 1444 850 1486 πυκασθείς.
885 1442 1036 1499 Epigr.
1059 1443 1102 1484 in
1124 1444 1302 1485 Anthol.
1326 1454 1366 1498 7.
1390 1459 1432 1500 p.
1454 1446 1547 1499 169.
1571 1455 1614 1485 et

145 1507 258 1549 Suid.
281 1524 320 1549 v.
342 1509 525 1560 Πυκάζει.
556 1510 826 1562 Λουσάμενοι,
849 1512 1040 1563 Προδίκη,
1062 1513 1343 1564 πυκασῶμεθα.
1404 1513 1543 1562 Quare
1570 1511 1613 1553 in

142 1576 221 1618 hoc
240 1577 332 1619 loco
352 1592 434 1619 non
454 1593 549 1619 cum
571 1577 804 1635 interprett.
827 1580 1090 1630 vertendum,
1113 1580 1272 1622 Arcum
1297 1582 1502 1631 instruas,
1525 1581 1612 1631 sed,

144 1644 184 1686 vi
211 1645 359 1686 mediae
385 1644 498 1687 vocis
528 1655 703 1697 servata,
726 1652 763 1688 te
789 1661 893 1689 arcu
923 1649 1131 1689 instruas.
1185 1648 1452 1690 Constructio
1472 1648 1614 1690 similis

143 1723 206 1754 est
226 1712 477 1764 Homericae,
498 1714 699 1765 ἀναιδείην
730 1715 938 1767 ἐπιειμένε.
970 1716 1205 1757 BLOMF.
1255 1716 1374 1767 τόξον
1406 1717 1613 1766 ἐντυκάζου

146 1782 211 1822 Μ.
233 1791 275 1823 et
293 1782 406 1823 varia
425 1781 547 1823 lectio
566 1781 608 1822 in
625 1783 686 1823 B:
718 1783 832 1824 unde
854 1784 1070 1836 ἐμπυκάζου
1090 1784 1293 1840 conjicere
1313 1784 1419 1826 licet.

207 1859 302 1905 150.
335 1849 354 1891 3
376 1849 396 1891 3
417 1849 436 1891 3
457 1850 495 1905 ἔ]
517 1850 537 1891 3
558 1850 580 1892 3
609 1850 870 1902 Schuetzius‚
897 1862 1030 1893 recte:
1064 1866 1160 1892 nam
1188 1851 1406 1894 dochmius
1433 1861 1495 1894 est
1517 1851 1614 1906 ’‘Ap-

147 1934 233 1970 τεμι
253 1919 372 1971 φίλα,
394 1918 414 1959 3
434 1919 467 1960 3.

209 1997 302 2042 151.
326 1988 473 2039 ὄτοβον
495 1987 747 2030 Brunckius.
781 1989 952 2041 ὄττοβον
971 1987 1080 2029 libri.
1114 1989 1167 2029 In
1187 1988 1270 2030 fine
1289 2003 1433 2030 versus
1451 2003 1614 2030 comma

148 2063 341 2111 ponatur.

209 2135 304 2177 152.
335 2122 460 2165 πότνι’
483 2123 703 2166 Burneius.
749 2125 890 2166 πότνια
917 2124 1003 2166 sine
1023 2125 1189 2166 elisione
1219 2125 1325 2167 libri.
1376 2127 1532 2168 Versus
1551 2135 1614 2168 est

147 2188 375 2245 dactylicus
395 2199 443 2232 ut
463 2206 501 2232 v,
524 2202 616 2246 159.

208 2269 301 2313 154.
327 2257 492 2312 Ἀρτεμι
522 2261 637 2313 φίλα,
660 2259 680 2301 3
702 2260 721 2302 3
743 2259 763 2302 3
784 2260 806 2302 3
831 2260 868 2314 (3
899 2270 961 2302 ter
992 2262 1136 2317 Mosq.
1159 2261 1402 2317 secundus)]
1425 2262 1563 2303 Verba
1590 2278 1613 2303 e

147 2325 238 2368 loco
257 2326 467 2383 superiore
489 2329 623 2383 (150.)
647 2337 801 2370 temere
830 2329 1006 2385 repetita
1028 2339 1138 2370 recte
1168 2329 1278 2371 delet
1300 2330 1490 2371 Bothius.
1554 2331 1614 2371 Iis

148 2394 287 2451 ejectis
314 2394 398 2435 huc
428 2395 714 2437 transferenda
733 2406 838 2452 puto
864 2397 992 2438 verba
1016 2398 1046 2438 ὦ
1073 2397 1197 2439 πότνι’
1231 2397 1358 2451 Ἥρα,
1390 2413 1487 2454 quae
1516 2409 1613 2440 ante

149 2459 260 2501 hunc
281 2476 442 2502 versum
464 2461 674 2518 leguntur.

211 2537 304 2582 155.
325 2529 609 2584 δορυτίνακτος]
635 2530 907 2572 Scribendum
930 2534 1192 2584 δοριτίνακτος
1210 2547 1261 2573 ex
1284 2533 1350 2573 M.
1403 2533 1524 2589 Saepe
1553 2532 1610 2574 sic

150 2604 363 2650 peccatum
394 2594 448 2636 ab
475 2595 650 2637 librariis
675 2606 736 2638 est
766 2597 1010 2651 δορυάλωτος
1038 2608 1079 2639 et
1108 2598 1188 2639 alia
1222 2598 1464 2654 hujusmodi
1491 2615 1566 2657 per
1588 2618 1611 2642 v

151 2661 437 2713 scribentibus,
457 2663 511 2704 de
530 2663 684 2719 quibus
704 2664 787 2706 dixi
810 2665 851 2706 in
875 2666 1096 2707 Thesauro
1118 2666 1332 2722 Stephani.

207 2729 321 2782 αἰθὴρ
342 2730 392 2771 Β.
425 2728 456 2770 δ’
479 2731 592 2783 αἰθὴρ
612 2731 751 2788 vulgo.

213 2797 305 2852 156.
330 2797 426 2848 ἄμμι
446 2798 566 2839 Β.Μ.
598 2799 719 2850 ἄμμιν
740 2799 880 2856 vulgo.

211 2876 306 2919 157.
336 2869 408 2906 ποῖ
424 2864 455 2905 δ’
483 2865 555 2920 ἔτι]
585 2865 703 2907 Libri
733 2866 892 2923 aliquot
919 2870 972 2918 πῆ
999 2866 1030 2908 δ’
1053 2868 1124 2918 ἔτι,
1145 2873 1217 2910 ποῖ
1234 2869 1278 2910 δέ
1297 2885 1369 2910 τοι.
1422 2870 1474 2910 In
1498 2870 1609 2912 Rob.

149 2936 221 2973 ποῖ
236 2949 284 2973 τι.
337 2933 490 2974 Versus
519 2932 599 2983 hic,
620 2932 653 2974 si
684 2944 792 2976 recte
812 2934 939 2976 habet
958 2935 1161 2991 scriptura
1176 2936 1361 2993 vulgata,
1382 2951 1434 2978 ex
1466 2953 1612 2994 paeone

150 3009 192 3041 et
220 3000 412 3058 dochmio
441 3010 503 3042 est
531 3001 797 3057 compositus,
826 3001 1178 3058 interjectionibus
1205 3003 1349 3047 3333
1377 3015 1495 3046 extra
1523 3021 1611 3047 me-

867 3085 893 3111 'r
