1898 3256
336 246 419 285 134
809 246 1302 287 ANNOTATIONES

337 353 549 409 Aristopb.
582 353 695 394 Plut.
724 355 822 407 328.
854 364 895 394 et
924 354 1047 394 schol.
1079 354 1310 394 BLOMF.
1360 353 1488 394 πίστις
1523 353 1573 393 Β.
1605 361 1646 392 et
1674 353 1766 393 Sto-

336 420 464 461 baeus.

390 496 459 539 55.
495 486 669 540 ἔλειπον]
706 487 843 527 ἔλιπον
879 487 988 527 ΑΒ.
1025 485 1192 540 aliique,
1228 484 1502 540 superscripto
1535 484 1575 524 in
1612 484 1661 524 Β,
1694 485 1770 536 γὰρ

336 567 411 607 pro
432 554 478 592 δ’.

390 620 460 672 56.
480 619 619 673 πύλας]
641 620 782 661 πύλαις
800 632 883 660 var.
906 618 994 659 lect.
1016 633 1082 673 ap.
1105 617 1364 658 Turnebum.

392 685 496 739 ἄγοι]
518 685 594 740 ἄγῃ
613 685 768 739 aliquot
788 685 909 725 codd.

391 750 461 804 58.
490 750 692 804 τάγευσαι]
725 751 898 800 Ordina,
927 765 1045 791 sensu
1079 749 1232 790 rariori.
1285 748 1487 803 Analogia
1518 749 1697 804 postulat
1724 758 1770 789 ut

336 815 532 870 significet
561 817 649 856 dum
677 831 782 857 sum.
834 818 912 856 Est
938 816 1044 856 enim
1065 831 1090 856 a
1119 815 1248 868 ταγὸς,
1283 826 1329 856 ut
1363 816 1532 856 δουλεύω
1559 830 1584 855 a
1618 818 1766 858 δοῦλος.

337 883 566 922 BLOMF.

393 949 459 988 60.
483 949 620 1004 κονίει]
644 953 766 989 κονιεΐ
783 950 848 988 Μ.
872 948 972 988 Ald.

393 1016 462 1054 61.
492 1013 737 1069 πνευμόνων]
768 1014 997 1065 πνευμάτων
1027 1013 1184 1054 codices
1214 1021 1420 1067 quattuor.
1481 1013 1546 1054 Sic
1579 1013 1620 1053 in
1656 1013 1768 1068 frag-

337 1090 474 1120 mento
495 1079 705 1134 Sophoclis
718 1093 815 1133 320.
834 1082 917 1135 (ap.
932 1079 1057 1121 schol.
1083 1079 1203 1120 Pind.
1220 1079 1344 1137 Pyth.
1361 1094 1401 1130 4,
1421 1081 1540 1134 398.)
1563 1079 1769 1120 ἐκπνέουσι

335 1145 562 1197 πνευμάτων
593 1148 668 1187 ἄπο
703 1146 911 1201 scriptum,
943 1146 1008 1186 cui
1040 1147 1267 1197 πνευμόνων
1298 1156 1404 1187 recte
1430 1145 1606 1186 restituit
1638 1146 1768 1200 Berg-

338 1212 442 1253 kius.

393 1279 461 1319 62.
494 1278 585 1320 ναὸς
605 1279 727 1319 Β.Μ.
772 1278 909 1332 Vulgo
929 1278 1034 1329 νηὸς,
1054 1277 1165 1333 quod
1188 1277 1374 1318 Ionicum
1401 1289 1473 1319 est.
1533 1279 1661 1318 Hunc
1681 1292 1770 1318 ver-

336 1359 426 1384 sum
457 1353 670 1384 mutuatus
686 1353 745 1384 est
767 1343 990 1399 Euripides
1012 1344 1129 1384 Med.
1149 1357 1246 1398 523.
1275 1343 1388 1399 quod
1418 1344 1576 1385 monuit
1596 1343 1767 1385 Valcke-

335 1425 435 1450 noer.
457 1410 509 1450 ad
541 1410 714 1465 Hippol.
743 1411 861 1450 1226.
881 1420 922 1450 et
951 1419 1041 1464 post
1065 1425 1158 1450 eum
1190 1411 1411 1459 PorsonuS,
1432 1409 1504 1465 qui
1533 1410 1574 1450 in
1606 1410 1768 1451 Medeae

335 1476 424 1517 loco
445 1477 538 1519 ναὸς
557 1476 699 1516 edidit.
730 1477 960 1516 BLOMF.

392 1545 460 1596 63.
482 1543 646 1598 φράξαι]
675 1542 821 1594 φάρξαι
840 1542 1020 1597 postulat
1040 1557 1138 1583 usus
1158 1542 1408 1592 Atticorum,
1430 1544 1480 1584 de
1499 1558 1583 1598 quo
1601 1543 1686 1583 dixi
1716 1543 1769 1583 ad

338 1608 463 1663 Soph.
504 1608 649 1662 Antig.
692 1620 787 1661 235.
836 1607 1053 1659 φράξαντες
1099 1607 1249 1663 legitur
1298 1609 1412 1649 Pers.
1439 1611 1538 1663 456.
1587 1610 1771 1662 φράξειεν

335 1676 488 1729 Agam.
514 1676 632 1728 1376.
665 1673 946 1725 ἐφραξάμεσθα
964 1674 1071 1714 infra
1091 1690 1129 1714 v.
1149 1676 1246 1729 798.
1278 1677 1521 1728 ναύφρακτος
1542 1677 1656 1716 Pers.
1672 1689 1768 1730 950.

339 1753 458 1794 1027.
510 1742 613 1790 Quae
633 1739 768 1780 omnia
788 1739 929 1779 eodem
953 1740 1074 1780 modo
1095 1750 1189 1781 sunt
1209 1741 1459 1796 corrigenda.

391 1808 461 1859 64.
478 1806 638 1860 Ἀρεος]
665 1805 935 1846 Scribendum
950 1804 1100 1858 Ἀρεως
1120 1821 1169 1846 ex
1194 1808 1260 1847 M.

391 1877 582 1927 χερσαῖον
601 1872 720 1913 codd.
752 1871 936 1927 plerique
954 1883 995 1915 et
1017 1873 1159 1927 Steph.
1204 1874 1391 1926 χερσαίου
1419 1874 1539 1928 pauci
1556 1888 1648 1914 cum
1668 1874 1769 1916 Ald.

337 1941 446 1981 Rob.
472 1941 606 1980 Turn.

394 2010 493 2058 κῦμα
511 2009 701 2059 χερσαῖον
721 2005 903 2059 στρατοῦ]
926 2005 1117 2047 Similiter
1136 2006 1242 2047 infra
1263 2008 1329 2048 80.
1350 2008 1415 2059 ῥεῖ
1430 2008 1552 2049 πολὺς
1571 2008 1636 2048 ὅδε
1654 2009 1769 2051 λεώς.

340 2085 431 2124 114.
454 2076 552 2123 κῦμα
580 2074 655 2124 γὰρ
684 2072 772 2123 περὶ
799 2072 1197 2124 πτόλιν-καχλάζει.
1229 2083 1348 2126 1077.
1379 2074 1613 2115 ἀλλοδαπῶν
1636 2075 1771 2124 κύματι

337 2142 489 2191 φωτῶν.
522 2137 713 2192 Sophocl.
741 2136 890 2191 Antig.
913 2150 1004 2191 130.
1036 2141 1185 2192 Πολλῷ
1214 2140 1371 2190 ῥεύματι
1399 2139 1770 2190 προσνισσομένους.

337 2204 486 2260 Eurip.
505 2203 603 2259 Iph.
622 2204 754 2243 Taur.
772 2215 892 2256 1437.
914 2206 1072 2243 Παῦσαι
1092 2205 1249 2251 διώκων,
1269 2203 1391 2256 ῥεῦμά
1409 2203 1440 2244 τ’
1463 2206 1631 2256 ἐξορμῶν
1650 2222 1768 2257 στρα-

336 2274 415 2312 τοῦ.
450 2272 542 2311 Ion.
566 2270 633 2309 61.
662 2268 847 2319 πολέμιος
876 2269 1036 2309 κλυδών.
1067 2269 1194 2310 Rhes.
1217 2282 1310 2323 290.
1330 2269 1430 2322 ῥέων
1450 2271 1624 2321 στρατός.
1657 2272 1769 2326 Tyr-

337 2349 441 2378 taeus
469 2351 535 2391 ap.
559 2334 672 2376 Stob.
696 2345 765 2388 51.
796 2349 838 2389 p.
863 2344 955 2387 195.
987 2334 1100 2386 Αἶψα
1127 2336 1169 2375 δὲ
1198 2335 1419 2386 δυσμενέων
1449 2337 1597 2388 ἀνδρῶν
1625 2337 1770 2390 ἔτρεψε

337 2403 548 2456 φάλαγγας
578 2401 786 2453 Τρηχείας,
815 2402 964 2455 σπουδῇ
996 2399 1027 2440 τ’
1050 2401 1192 2453 ἔσχεθε
1222 2405 1319 2453 κῦμα
1351 2401 1488 2455 μάχης.
1530 2403 1697 2443 Lucret.
1726 2415 1770 2458 5,

342 2469 462 2509 1288.
484 2481 640 2522 aereque
660 2467 751 2507 belli
771 2467 1185 2522 Miscebantfluctus.
1215 2468 1326 2522 quod
1346 2468 1448 2508 bene
1462 2476 1600 2508 tuetur
1615 2468 1771 2509 Wake-

336 2535 510 2583 fieldius,
531 2533 603 2573 sed
622 2532 694 2572 diu
723 2542 816 2587 post
837 2533 887 2571 P.
902 2531 1055 2573 Victor.
1078 2534 1124 2573 V.
1146 2534 1198 2573 L.
1219 2544 1288 2588 37,
1306 2544 1342 2586 7.
1363 2533 1436 2588 qui
1455 2534 1611 2574 confert
1632 2535 1771 2575 Theo-

336 2599 477 2655 pompi
506 2598 661 2639 dictum
690 2597 802 2653 apud
824 2596 1107 2648 Plutarchum,
1137 2600 1258 2650 ῥεῦμα
1288 2599 1350 2639 καὶ
1380 2602 1556 2640 κλυδῶνα
1582 2600 1769 2651 πολέμου.

339 2664 593 2720 Hegemonis
631 2663 900 2719 Epigramma
936 2679 987 2703 ex
1025 2664 1114 2704 cod.
1153 2665 1345 2705 Vaticano
1378 2664 1491 2705 dedit
1525 2665 1770 2706 Huschkius

338 2731 462 2772 Anal.
479 2746 520 2786 p.
539 2743 630 2784 199.
648 2731 882 2785 optimeque
901 2729 1092 2779 restituit,
1108 2729 1288 2781 Σπάρτας
1306 2731 1428 2783 χίλιοι
1443 2731 1579 2783 ἄνδρες
1599 2731 1772 2784 ἔπεσχον

336 2800 458 2850 ῥεῦμα
486 2796 530 2837 τὸ
558 2800 739 2848 Περσῶν,
769 2810 845 2850 pro
866 2796 959 2846 αἷμα
987 2796 1032 2835 τὸ
1054 2799 1106 2836 Π.
1156 2795 1224 2836 Cf.
1246 2797 1393 2836 Horat.
1416 2797 1551 2837 Carm.
1575 2810 1613 2847 2,
1637 2807 1678 2850 7,
1703 2808 1768 2851 15.

338 2862 587 2904 Valckenaer.
606 2862 649 2901 in
671 2860 881 2902 Theocrit.
902 2860 1106 2901 Adoniaz.
1126 2875 1168 2916 p.
1188 2862 1285 2915 365.
1315 2861 1544 2903 BLOMF.

393 2930 459 2981 65.
480 2927 615 2981 τῶνδε]
636 2929 747 2969 τόνδε
767 2926 923 2981 aliquot
942 2925 1061 2968 codd.
1081 2935 1122 2967 et
1142 2926 1244 2967 Ald.
1267 2928 1401 2975 Turn.
