1898 3256
637 267 639 269 .
658 237 748 279 AD
780 236 1029 279 PERSAS.
1496 235 1580 278 273

115 349 255 403 ὀρέων,
294 352 358 392 καὶ
391 349 609 404 πετρήεντα
642 350 801 403 κάρηνα.
854 347 982 390 Unde
1013 346 1214 398 ὑλοβάτος
1248 357 1289 388 et
1323 348 1582 399 φιλόδενδρος

116 418 339 461 Theaeteto
367 417 638 476 appellatus.''
669 419 836 460 Sum.
892 417 1053 458 Notatu
1086 415 1262 472 dignum
1292 425 1355 457 est
1374 415 1416 456 in
1446 415 1583 470 priore

117 486 228 528 bello
260 487 430 529 Medico
464 488 583 528 Pana
608 485 820 543 suppetias
850 483 1180 526 Atheniensibus
1211 483 1346 533 ivisse,
1377 483 1500 540 eique
1532 483 1583 524 si-

117 556 350 597 mulacrum
371 555 450 596 sub
470 554 672 611 Acropoli
687 563 891 596 structum
908 552 1058 594 fuisse:
1094 551 1176 592 vid.
1201 552 1404 594 Herodot.
1425 554 1465 601 6,
1489 563 1582 606 105.
1652 559 1659 565 “

119 621 373 664 Simonidem
394 622 436 664 in
457 621 634 664 Anthol.
656 634 698 673 4.
720 637 761 678 p.
781 623 882 675 476.
926 621 987 661 Et
1006 619 1114 661 hanc
1131 619 1241 661 forte
1260 620 1315 661 ob
1334 634 1522 661 caussam
1541 619 1584 660 in

116 690 196 733 hoc
215 691 306 732 loco
326 691 453 732 Panis
473 690 628 732 mentio
646 689 798 746 injecta
815 699 889 730 est.
922 688 1156 729 BLOMF.

174 760 274 813 448.
297 759 456 812 ναυσὶν]
482 759 623 810 νηυσὶν
643 758 709 797 Μ.
731 756 875 798 Guelf.
893 756 1031 797 Viteb.

175 828 394 881 φιλόχορος
413 840 544 882 quare
565 826 656 866 Pan
680 824 845 866 dicatur
873 824 994 866 facile
1024 832 1185 865 constat
1213 839 1266 864 ex
1296 823 1447 880 Epigr.
1490 824 1587 865 Pla-

118 894 206 936 toni
241 894 465 951 adscripto,
504 893 630 936 Αὐτὸς
668 894 755 934 ἐπεὶ
794 893 953 946 σύριγγι
990 893 1221 944 μελίσδεται
1256 892 1451 947 εὐκελάδῳ
1479 894 1584 940 Πὰν,

117 961 267 1016 ’Ύ-γρὸν
287 963 356 1006 ἱεὶς
374 965 540 1012 ζευκτῶν
559 965 698 1015 χεῖλος
716 961 814 1013 ὑπὲρ
836 959 1038 1012 καλάμων.
1091 961 1143 1001 Αἱ
1173 961 1215 1000 δὲ
1241 959 1352 1012 πέριξ·ι
1380 963 1588 1013 θαλεροῖσι

117 1030 243 1085 χορὸν
281 1031 402 1072 ποσὶν
441 1028 662 1080 ἐστήσαντο
687 1027 890 1081 ζὙδριάδες
923 1028 1086 1080 νύμφαι,
1123 1028 1274 1080 νύμφαι
1306 1026 1586 1081 Ἀμαδρυάδες.

118 1099 290 1140 STANL.
351 1097 514 1139 Scolion
544 1111 613 1152 ap.
648 1095 808 1137 Athen.
834 1107 897 1150 15.
928 1110 970 1151 p.
993 1097 1090 1150 694.
1120 1096 1176 1135 D.
1211 1093 1269 1135 Ὦ,
1300 1097 1407 1145 Πᾶν,
1442 1094 1586 1148 Ἀρκα-

119 1167 206 1209 δίας
224 1165 354 1218 μέδων
374 1168 576 1215 κλεεννᾶς,
596 1163 817 1218 Ὀρχήστα,
838 1164 1023 1216 Βρομίαις
1043 1164 1167 1205 ὀπαδὲ
1187 1164 1389 1216 Νύμφαις.
1433 1164 1586 1214 Panes,

124 1233 276 1282 Fauni,
301 1232 437 1289 Satyri
460 1231 682 1289 saepissime
703 1230 896 1272 saltantes
916 1230 1187 1272 inducuntur.
1219 1231 1453 1272 BLOMF.

133 1319 135 1321 ·
179 1311 279 1356 450.
302 1300 357 1342 ὅτ’
379 1301 429 1342 ἂν
451 1302 516 1342 Μ.
538 1308 579 1342 et
601 1299 712 1341 Rob.
744 1300 841 1340 ὅταν
861 1298 1002 1354 vulgo.
1055 1298 1330 1340 Scribendum
1353 1298 1407 1339 ὅτ’
1431 1300 1474 1340 ἐκ
1493 1314 1589 1340 cum

123 1367 326 1410 Elmsleio
354 1368 395 1409 in
422 1368 686 1424 Edinburgh
706 1367 890 1417 Review,
913 1366 996 1408 vol.
1024 1377 1090 1420 17,
1120 1382 1160 1423 p.
1182 1368 1276 1421 236.
1328 1367 1438 1407 Nam
1469 1366 1590 1408 soloe-

118 1451 214 1478 cum
235 1446 298 1478 est
317 1436 373 1478 ὅτ’
395 1436 752 1485 ἂν-ἐκσωζοίατο.

178 1518 279 1559 452.
313 1506 508 1546 κτείνειαν
543 1506 771 1545 Porsonus.
819 1505 988 1545 κτείνεια
1020 1502 1123 1544 Ald.
1169 1504 1357 1545 κτείνειεν
1391 1514 1591 1559 quattuor

121 1572 243 1614 codd.
264 1581 307 1614 et
328 1572 439 1613 Rob.
472 1573 662 1613 κτείνοιεν
682 1571 842 1612 codices
862 1571 1010 1627 reliqui
1031 1579 1073 1612 et
1095 1572 1231 1611 Turn.

136 1674 138 1676 ,
181 1651 282 1696 453.
306 1640 476 1681 ἐναλίων
496 1639 737 1680 Α.Β.Μ.Ν.
770 1639 956 1680 εἷναλίων
976 1637 1116 1694 vulgo.

136 1742 140 1746 .
179 1719 280 1763 455.
304 1707 424 1762 ναῶν]
447 1711 551 1759 νηῶν
573 1708 624 1748 C.
659 1711 759 1748 νεῶν
780 1706 978 1748 Cantabr.
1000 1721 1077 1747 sec.

178 1776 282 1830 456.
304 1774 542 1828 φράξαντες]
569 1774 842 1815 Scribendum
865 1773 1101 1827 φάρξαντες.
1121 1807 1124 1810 «
1148 1775 1199 1815 V.
1220 1774 1271 1815 ad
1297 1775 1411 1829 Sept.
1429 1774 1497 1828 63.

177 1853 275 1898 457.
308 1844 351 1884 δὲ
383 1842 612 1898 κυκλοῦντο]
646 1842 767 1884 Libri
793 1842 952 1898 aliquot
992 1842 1023 1883 δ’
1055 1845 1094 1883 ἐ-
1122 1841 1129 1899 Ι
1157 1846 1373 1884 κυκλοῦντο
1404 1842 1465 1883 vel
1502 1841 1533 1882 δ’
1559 1841 1567 1896 Ι

123 1913 372 1953 ἐκυκλοῦντο.

179 1990 279 2033 459.
301 1977 529 2032 τράποιντο]
552 1976 767 2030 τράπονται
789 1978 837 2019 C.
870 1995 930 2031 γρ.
953 1978 1176 2031 τράπωνται
1199 1979 1250 2019 Β.

182 2049 260 2100 γὰρ
279 2060 360 2086 om.
383 2045 496 2086 Rob.

181 2114 330 2168 χερῶν]
354 2117 498 2167 χειρῶν
519 2112 621 2153 Ald.
643 2113 753 2154 Rob.

180 2183 280 2233 460.
313 2180 535 2235 πέτροισιν]
575 2180 764 2233 πέτρῃσιν
799 2180 938 2237 vulgo.
993 2181 1268 2223 Scribendum
1304 2181 1507 2234 πέτροισιν
1541 2196 1594 2222 ex

128 2249 308 2290 B.M.N.
332 2249 473 2303 Mosq.
496 2247 634 2289 Viteb.
656 2257 698 2289 et
718 2247 842 2288 schol.

184 2315 409 2369 ἠράσσοντο
430 2315 540 2356 Α.Β.
572 2315 802 2368 ἠράσσαντο
823 2315 964 2371 vulgo.

183 2382 238 2439 δ’]
260 2382 293 2424 τ’
315 2384 502 2424 Α.Μ.Ν.
525 2393 567 2424 et
587 2382 912 2439 superscriptum
932 2383 975 2423 in
998 2384 1047 2424 B.

131 2469 134 2472 ⁴
182 2452 284 2503 461.
305 2452 617 2503 προσπίτνοντες
638 2450 836 2491 Cantabr.
855 2465 934 2491 sec.
952 2459 992 2490 et
1014 2450 1126 2491 Rob.
1151 2449 1276 2490 Libri
1299 2449 1450 2505 reliqui
1467 2467 1591 2503 προσ-

127 2518 347 2568 πίπτοντες,
371 2517 446 2558 nisi
467 2517 582 2573 quod
602 2518 811 2560 πίπτοντες
831 2518 887 2557 Ν.

184 2589 283 2639 463.
318 2586 593 2639 κρεοκοποῦσι]
637 2588 903 2637 κρεωκοποῦσι
941 2583 1047 2630 libri.
1101 2585 1345 2625 Correctum
1388 2599 1440 2624 ex
1480 2583 1596 2624 scho-

126 2651 259 2702 liasta,
281 2652 352 2693 ubi
371 2651 438 2692 ed.
456 2651 688 2693 Robortelli
709 2655 931 2703 κρεοποῦσι.

185 2720 283 2774 465.
304 2719 448 2773 βάθος]
472 2718 597 2762 πάθος
616 2718 703 2758 duo
724 2717 844 2758 codd.

185 2788 286 2839 466.
329 2787 446 2839 ἕδραν
484 2788 538 2839 γᾶ
575 2785 703 2840 ρεῗχε]
753 2786 943 2839 Pugnam
977 2784 1081 2824 hanc
1112 2784 1314 2839 spectavit
1346 2785 1513 2825 Xerxes
1541 2784 1595 2825 de

128 2853 322 2911 AEgialeo
352 2862 492 2894 monte
512 2868 534 2892 e
555 2852 721 2908 regione
756 2851 984 2892 Salaminis.
1018 2850 1227 2892 Herodot.
1251 2852 1291 2902 8,
1313 2865 1381 2906 90.
1432 2851 1520 2892 Ubi
1550 2852 1592 2892 in

124 2931 320 2977 argentea
351 2920 449 2961 sella
469 2919 604 2961 curuli
631 2919 776 2960 sedens
805 2917 995 2974 praelium
1018 2918 1233 2973 spectavit,
1253 2934 1349 2974 quae
1379 2929 1522 2974 postea
1551 2919 1594 2960 in

125 2988 280 3044 templo
301 2988 506 3029 Minervae
527 2987 715 3028 dedicata
735 2995 810 3035 est,
832 2995 872 3026 et
895 2985 1143 3039 αἰχμάλωτος
1172 2985 1294 3027 dicta.
1348 2987 1586 3042 Harpocra—

807 3067 841 3093 M
866 3068 907 3093 m
