1898 3256
309 239 365 278 54
784 240 1279 283 ANNOTATIONES

366 360 464 403 331.
494 347 650 389 πάντων
668 350 876 403 μετασχὼν
898 351 959 391 καὶ
978 352 1218 402 τετολμηκὼς
1238 352 1346 407 ἐμοί]
1376 353 1617 408 Praepositio
1637 355 1748 395 verbi

310 414 519 467 μετασχών
553 413 672 454 etiam
713 414 766 454 ad
803 416 1036 470 proximum
1079 417 1252 472 pertinet
1292 418 1460 459 verbum
1495 421 1748 471 τετολμηκώς.

313 482 407 531 Qua
432 481 564 521 forma
592 480 788 536 loquendi
816 481 1022 521 interdum
1056 491 1230 523 utuntur
1264 494 1396 539 poetae
1423 484 1463 525 in
1492 485 1626 526 verbis
1655 501 1748 527 cum

315 548 389 588 σύν
407 546 654 602 compositis,
677 547 875 587 rarissime
895 548 934 587 in
956 548 1055 589 aliis.

371 626 467 668 332.
488 613 600 667 μηδέ]
625 613 746 665 μηδέν
766 615 830 654 Μ.
851 613 1002 669 aliique
1021 623 1062 655 et
1082 615 1190 656 Rob.

370 693 470 734 333.
492 681 656 734 πείσεις]
682 681 827 723 πείθεις
847 681 912 721 Μ.

372 745 545 800 εὐπιθής]
571 747 747 797 εὐπειθὴς
765 762 857 787 cum
879 747 1035 802 aliquot
1055 747 1262 788 codicibus
1283 748 1382 789 Ald.
1405 749 1515 790 Rob.

372 822 470 866 337.
486 815 680 868 μηδαμῶς]
706 812 744 863 μ’
766 822 872 854 recte
891 813 1051 854 addunt
1069 814 1187 854 codd.
1212 815 1406 856 Cantabr.
1427 815 1524 856 duo.

371 891 468 932 340.
501 880 549 918 τὰ
576 879 650 928 μὲν
679 880 731 926 σ’,
753 879 865 934 quod
895 894 971 935 pro
992 882 1040 921 τὰ
1065 882 1139 931 μὲν
1158 883 1212 921 σὰ
1231 881 1376 937 accipit
1398 881 1680 931 Blomfieldus‚
1701 897 1750 922 ex

318 943 488 985 Porsoni
508 944 683 984 editione
704 945 909 985 remansit.
968 947 1098 987 Recte
1117 949 1165 987 τὰ
1183 946 1257 997 μέν
1277 946 1313 987 σ’
1335 947 1429 989 edd.
1450 958 1617 989 veteres.

373 1011 559 1064 κοῦὃαμῆ]
585 1009 615 1050 κ’
638 1011 727 1051 οὐδὲ
745 1011 797 1061 μὴ
818 1012 938 1052 Β.Μ.

373 1077 492 1131 λήξω]
522 1076 842 1132 Intelligendum
865 1079 1044 1119 ἐπαινῶν.

372 1156 471 1198 343.
495 1143 640 1197 θέλεις]
666 1143 795 1187 θέλοις
813 1144 970 1199 aliquot
989 1145 1106 1186 codd.

373 1219 469 1264 345.
491 1210 630 1250 οὕνεκα
651 1209 898 1251 Brunckius.
949 1211 1066 1252 Libri
1088 1212 1227 1253 εἵνεκα.

373 1288 613 1331 347—372.
637 1277 788 1317 Versus
808 1277 881 1318 hos
901 1292 980 1318 non
999 1277 1165 1328 Oceani,
1185 1278 1254 1319 sed
1277 1278 1510 1319 Promethei
1530 1294 1614 1319 esse
1635 1279 1756 1319 veris-

319 1343 417 1384 sime
446 1342 728 1384 animadvertit
748 1343 981 1385 Elmsleius.
1040 1346 1148 1385 Nam
1169 1360 1298 1400 quum
1321 1346 1509 1385 Oceanus
1528 1354 1568 1385 et
1590 1346 1756 1386 Prome-

320 1409 440 1450 theus
469 1408 689 1450 contrarias
713 1409 935 1451 defendant
954 1411 1183 1459 sententias,
1207 1413 1394 1452 Oceanus
1416 1422 1462 1453 ut
1482 1413 1629 1452 Jovem
1661 1428 1753 1468 pre-

319 1476 435 1516 cibus
456 1475 538 1516 suis
557 1491 764 1516 cessurum
786 1492 870 1517 esse
890 1476 1076 1528 affirmet,
1097 1477 1368 1519 Prometheus
1390 1487 1436 1519 ut
1450 1479 1654 1519 crudelem
1671 1494 1757 1519 esse

320 1551 361 1583 et
380 1542 668 1583 inexorabilem
690 1553 909 1598 tyrannum
932 1543 1131 1591 ostendat,
1152 1553 1323 1600 apparet
1345 1544 1482 1600 inepte
1503 1547 1667 1586 Oceano
1688 1546 1757 1586 tri-

320 1608 392 1650 bui
425 1624 565 1649 versus
598 1609 700 1658 illos,
730 1609 881 1665 quibus
914 1610 1110 1651 sententia
1141 1611 1230 1666 ejus
1262 1625 1343 1651 non
1377 1621 1457 1652 tam
1493 1613 1758 1653 confirmatur

319 1690 442 1731 quam
477 1675 685 1716 refellitur.
746 1678 834 1717 Nec
869 1677 1081 1733 praedictio
1113 1677 1181 1718 illa
1211 1677 1263 1718 de
1292 1677 1386 1733 igne
1418 1693 1469 1719 ex
1502 1680 1633 1719 AEtna
1663 1693 1757 1733 pro-

318 1752 494 1798 rupturo
527 1744 583 1795 (v.
614 1744 807 1798 365-37
817 1745 875 1797 2.)
916 1745 1067 1786 Oceani
1101 1759 1284 1800 personae
1316 1745 1522 1795 convenit,
1553 1744 1621 1786 sed
1655 1746 1758 1786 Pro-

318 1810 492 1857 methei;
544 1809 610 1855 hic
658 1810 763 1850 enim
809 1811 1038 1861 Themidis,
1078 1811 1218 1852 matris
1257 1827 1353 1862 suae,
1394 1812 1524 1852 utitur
1560 1812 1760 1853 vaticiniis

323 1879 381 1931 (v.
410 1889 505 1931 209.
537 1877 668 1930 874),
695 1877 833 1932 qualia
858 1877 932 1917 etsi
962 1893 1056 1918 cum
1087 1879 1250 1919 Oceano
1277 1893 1444 1933 quoque
1471 1878 1758 1919 communicari

321 1944 375 1985 ab
403 1943 472 1984 illa
501 1943 724 1998 potuerint,
756 1953 890 1985 tamen
921 1960 994 1985 nec
1025 1944 1230 2000 proditum
1261 1960 1309 1985 ea
1334 1944 1385 1985 de
1411 1959 1454 1985 re
1481 1944 1707 2000 quidquam
1735 1960 1760 1986 a

321 2019 442 2066 poeta
468 2020 528 2051 est
558 2019 598 2051 et
631 2009 777 2066 reliqui
816 2026 1019 2052 sermones
1054 2012 1205 2052 Oceani
1239 2011 1296 2051 ita
1326 2020 1421 2051 sunt
1453 2010 1676 2065 comparati
1712 2020 1758 2051 ut

321 2076 438 2118 facile
466 2077 717 2132 intelligatur
746 2092 825 2118 non
856 2078 986 2118 futuri
1020 2093 1112 2118 eum
1145 2077 1411 2134 praescientia,
1443 2078 1511 2118 sed
1545 2077 1629 2118 sola
1664 2092 1759 2118 con-

317 2142 478 2198 jectura
499 2158 572 2183 sua
591 2143 698 2183 duci.
750 2143 926 2184 Librarii
947 2154 1082 2185 autem
1106 2154 1153 2184 ut
1175 2145 1246 2184 hos
1265 2159 1404 2185 versus
1424 2145 1588 2185 Oceano
1607 2144 1760 2185 tribue-

321 2217 425 2260 rent,
448 2209 558 2250 haud
579 2209 703 2250 dubie
730 2210 938 2265 particulis
958 2211 1003 2251 οὗ
1023 2214 1117 2262 δῆτα
1136 2211 1308 2267 permoti
1328 2211 1510 2260 fuerunt,
1532 2211 1683 2266 quibus
1706 2210 1758 2251 ad

322 2275 426 2317 alius
446 2291 628 2332 personae
642 2276 765 2317 verba
780 2277 1014 2333 responderi
1032 2277 1251 2328 videretur,
1272 2292 1352 2318 non
1374 2277 1597 2333 cogitantes
1616 2277 1757 2318 iisdem

323 2342 533 2398 particulis
554 2342 614 2384 uti
634 2343 754 2383 etiam
775 2343 847 2399 qui
868 2344 931 2384 vel
951 2344 1025 2385 sibi
1055 2344 1131 2401 ipsi
1156 2345 1428 2401 respondeant
1448 2345 1511 2386 vel
1532 2361 1627 2401 quae
1647 2345 1760 2386 dixe-

323 2409 405 2450 rint
423 2410 589 2466 gravius
607 2419 849 2451 asseverent.
909 2410 974 2451 Sic
997 2411 1217 2467 Sophocles
1237 2412 1381 2468 OEdip.
1404 2414 1492 2454 Col.
1511 2426 1607 2469 433.
1688 2438 1706 2449 e

551 2478 672 2519 εἴποις
692 2475 740 2517 ἂν
759 2477 809 2519 ὡς
831 2476 986 2518 θέλοντι
1005 2477 1104 2518 τοῦτ’
1128 2479 1212 2530 ἐμοὶ
1232 2481 1319 2520 τότε

551 2544 666 2585 πόλις
684 2544 728 2583 τὸ
748 2546 871 2595 δῶρον
892 2545 1043 2586 εἰκότως
1063 2544 1288 2595 κατήνυσεν·

551 2609 596 2650 οὗ
615 2608 706 2660 δῆτ’,
730 2611 818 2650 ε’πεί
835 2627 893 2650 τοι
912 2609 982 2660 τὴν
996 2611 1069 2661 μὲν
1090 2611 1212 2665 αὐτίχ’
1233 2612 1381 2665 ἡμέραν
1400 2621 1477 2653 etc.

326 2675 473 2732 Eurip.
497 2674 649 2716 Alcest.
668 2685 765 2730 555.

551 2741 641 2782 ἀλλ’
665 2744 700 2783 εἰ
718 2744 846 2794 δόμων
866 2748 947 2795 σφε
968 2744 1029 2784 καὶ
1048 2745 1199 2787 πόλεως
1220 2746 1406 2796 ἀπήλασα

549 2806 665 2857 ξένον
683 2810 869 2860 μολόντα,
890 2813 1046 2861 μᾶλλον
1065 2811 1114 2852 ἄν
1132 2810 1170 2862 μ’
1193 2810 1410 2863 ἐπῄνεσας;

552 2874 597 2914 οὗ
617 2874 709 2925 δῆτ’,
733 2877 821 2916 ἐπεί
835 2893 901 2927 μοι
921 2879 1098 2929 ξυμφορὰ
1117 2879 1190 2929 μὲν
1210 2879 1323 2920 οὐδὲν
1342 2878 1391 2919 ἂν

549 2941 670 2991 μείων
691 2941 870 2994 ἐγίγνετ’,
890 2944 1123 2996 ἆξενῶτερος
1144 2943 1174 2984 δ’
1199 2946 1286 2997 ἐγώ.
