1898 3256
666 236 756 278 AD
788 235 1038 277 PERSAS.
1502 237 1588 282 249

579 352 641 399 ὀᾶ,

577 417 864 462 τοῦτ’-λακίς.

183 488 276 528 116.
307 487 372 543 ὀὰ]
405 487 645 544 Interjectio
673 496 792 528 extra
821 501 983 528 versum
1014 486 1160 544 posita.
1213 484 1351 527 Schol.
1384 485 1587 538 Περσικὸν

123 553 314 608 θρήνημα·

184 634 279 664 120.
312 624 525 679 Κίσσινον]
565 624 718 665 Forma
752 622 908 674 vitiosa,
937 637 1064 680 quam
1095 621 1332 663 notavimus
1362 621 1415 663 ad
1450 636 1489 663 v.
1521 632 1585 676 17.

122 691 326 732 Κισσίνων
354 690 440 732 duo
465 690 588 733 codd.
615 700 657 732 et
685 690 795 733 Rob.
847 689 1122 733 Scribendum
1158 690 1337 731 Κισσίων
1367 704 1420 730 ex
1450 689 1516 730 M.
1546 699 1587 731 et

120 758 309 815 quinque
326 759 429 810 aliis,
450 759 527 801 nisi
547 759 642 816 quis
662 761 833 802 Κίσσιον
851 760 1061 817 praeferat.

182 839 277 870 121.
321 827 498 884 ἔσσεται]
538 827 686 869 Lectio
725 828 890 870 indocte
928 827 1188 885 interpolata.
1236 827 1372 869 ἔσεται
1406 826 1584 867 C.M.N.

123 894 395 937 Scribendum
428 895 569 951 ᾅσεται
596 911 691 938 cum
725 896 920 939 Burneio.
985 895 1105 938 Infra
1129 908 1251 948 1040.
1280 893 1363 947 βόα
1390 911 1461 935 νυν
1481 894 1587 935 ἄντί-

121 962 247 1004 δουπά
264 980 342 1016 μοι.

180 1043 274 1074 122.
304 1033 355 1074 ὀᾶ
372 1042 490 1074 extra
510 1047 675 1074 versum
697 1042 892 1089 ponatur,
913 1041 1116 1073 commate
1141 1030 1317 1087 adject0.
1361 1031 1411 1071 ὀᾶ
1431 1031 1497 1072 Μ.
1519 1029 1587 1071 hic

121 1106 164 1140 et
181 1108 282 1153 570.
302 1099 401 1154 581.

177 1167 241 1214 ὀᾶ,
272 1166 375 1208 τοῦτ’
399 1167 508 1223 ἔπος]
530 1168 594 1209 Ut
614 1166 655 1208 h.
677 1166 704 1209 l.
726 1166 825 1208 τοῦτ’
848 1168 942 1211 ἔπος
970 1167 1153 1209 refertur
1179 1166 1232 1208 ad
1261 1165 1503 1223 praecedens
1521 1167 1584 1214 ὀᾶ,

119 1232 178 1274 sic
198 1234 411 1276 Prometh.
429 1235 527 1289 988.
548 1243 769 1291 postquam
791 1235 1069 1277 Prometheus
1088 1249 1229 1276 vocem
1252 1233 1285 1290 ᾤ
1299 1251 1367 1287 μοι
1380 1233 1584 1284 emiserat,

119 1301 361 1344 Mercurius
399 1302 563 1344 subdit:
607 1303 698 1344 τόδε
737 1302 838 1346 Ζεὺς
874 1303 1018 1347 τοῦπος
1059 1303 1131 1345 οὐκ
1178 1303 1399 1344 ἐπίσταται.
1452 1302 1584 1343 SCH.

118 1368 250 1411 Eum.
269 1383 369 1424 510.
390 1369 493 1411 τοῦτ’
515 1371 611 1414 ἔπος
630 1372 877 1423 θροούμενος,
900 1369 930 1412 ὦ
951 1372 1051 1412 δίκα.
1085 1372 1252 1413 STAN
1256 1372 1307 1412 L.

173 1436 276 1478 τοῦτ’
298 1437 393 1481 ἔπος
411 1452 493 1479 om.
516 1437 616 1479 Adl.
643 1439 781 1479 Turn.

180 1517 273 1560 123.
294 1505 448 1561 ὅμιλος]
471 1505 584 1547 ἔσται
605 1507 742 1558 ὅμιλος
762 1506 874 1548 Rob.
895 1521 947 1547 ex
968 1506 1134 1548 scholio.

179 1583 275 1628 125.
296 1572 328 1614 δ’
348 1588 430 1614 om.
451 1572 556 1614 Ald.
578 1573 690 1614 Rob.

177 1642 222 1682 ἐν
259 1641 426 1684 πέπλοις
461 1641 566 1693 πέσῃ
603 1641 733 1697 λακὶς]
776 1641 829 1682 Id
869 1651 931 1682 est
969 1641 1117 1683 πέπλοι
1155 1645 1414 1684 λακισθῶσιν.
1450 1644 1584 1684 SCH.

120 1707 263 1749 Etiam
284 1708 398 1764 apud
419 1708 606 1750 Persicas
626 1708 819 1751 mulieres
843 1708 886 1749 iu
917 1725 1081 1751 summo
1100 1710 1217 1751 luctu
1239 1720 1371 1751 vestes
1402 1710 1588 1752 scindere

121 1775 247 1816 moris
265 1786 368 1817 erat.
428 1777 498 1817 Ita
518 1776 693 1817 Diodor.
720 1788 788 1830 17,
811 1788 881 1833 35.
902 1787 997 1833 post
1018 1777 1196 1819 Darium
1218 1778 1372 1819 victum
1394 1777 1587 1819 mulieres

121 1845 192 1887 τὰς
221 1845 390 1895 ἐσθῆτας
418 1846 758 1898 περιρριπτούσας,
780 1843 862 1896 μετ’
885 1847 1075 1897 ὀδυρμῶν,
1098 1846 1142 1886 ἐκ
1171 1849 1249 1886 τῶν
1270 1849 1425 1897 σκηνῶν
1445 1861 1584 1887 exces-

120 1911 218 1952 sisse
237 1911 375 1953 tradit.
428 1913 548 1953 Curt.
569 1925 612 1967 3,
639 1925 654 1952 1
668 1925 703 1963 1,
728 1915 795 1954 26.
816 1914 970 1969 ingens
990 1914 1103 1954 circa
1123 1927 1215 1954 eam
1236 1914 1438 1954 nobilium
1449 1914 1586 1969 fimi-

120 1994 274 2020 narum
313 1980 437 2021 turba
477 1981 734 2029 constiterat,
769 1987 809 2021 et
846 1981 1042 2022 laceratis
1081 1982 1284 2031 crinibus,
1324 1982 1587 2038 abscissaque

121 2053 246 2097 veste,
269 2049 446 2104 pristini
475 2048 635 2089 decoris
661 2049 919 2091 immemores
948 2050 1222 2090 etc.—Porro
1250 2049 1438 2090 abscissis
1463 2050 1584 2091 vesti-

119 2114 268 2156 mentis
296 2114 492 2171 ]ugubria
510 2115 739 2157 induebant
760 2116 952 2158 mulieres
972 2117 1164 2158 Persicae.
1213 2117 1335 2158 Curt.
1363 2129 1428 2167 10,
1449 2130 1491 2172 5,
1519 2130 1586 2172 19.

119 2182 190 2223 Ad
206 2183 342 2224 Darii
369 2198 527 2240 quoque
555 2190 731 2226 matrem
750 2186 939 2226 celeriter
955 2184 1128 2240 perlata
1151 2189 1239 2229 θείς
1271 2184 1458 2225 abscissa
1484 2198 1587 2240 ergo

119 2255 243 2300 veste,
263 2265 347 2307 qua
365 2252 517 2293 induta
537 2258 642 2303 erat,
662 2253 881 2310 lugubrem
901 2252 1063 2293 sumsit.
1099 2250 1324 2292 STANL.

181 2324 275 2364 126.
297 2324 532 2380 ἱππηλάτας]
555 2319 775 2378 ἱππηλάτῆς
796 2327 861 2367 Μ.

182 2401 276 2443 127.
297 2390 381 2447 καὶ]
402 2408 445 2433 τε
466 2393 530 2433 καὶ
550 2392 660 2433 Rob.
1317 2436 1332 2443 „

180 2470 276 2512 129.
314 2458 534 2515 μελισσᾶν]
566 2463 772 2511 μελισσῶν
803 2459 907 2501 Ald.
942 2461 1081 2501 Turn.
1132 2443 1366 2511 μελισσάιῶζ)
1400 2460 1452 2500 Β.
1505 2460 1578 2511 μέ-

121 2529 250 2566 λισσα
270 2525 335 2565 Μ.

178 2593 359 2650 ᾇρχάμῳ]
381 2595 474 2635 Vox
491 2594 718 2636 Homerica
739 2594 792 2636 Il.
816 2596 866 2646 Ξ,
884 2608 976 2637 102.
1000 2597 1152 2649 ὄρχαμε
1172 2599 1297 2636 λαῶν.
1330 2596 1560 2638 BLOMF.

181 2674 276 2716 130.
309 2662 577 2714 ἆμφίζευκτος,
615 2663 822 2718 Utrinque
852 2663 1089 2720 colligatus,
1127 2663 1278 2705 scilicet
1314 2679 1365 2705 ex
1401 2675 1580 2721 utraque

121 2728 368 2769 continente.
429 2728 624 2786 Intelligo
653 2740 791 2771 autem
820 2745 893 2786 per
923 2731 1184 2783 ἀμφίζευκτον
1212 2736 1359 2784 πρῶνα,
1395 2742 1580 2788 pontem,

120 2794 193 2850 qui
222 2795 263 2836 in
295 2796 563 2850 promontorii
587 2796 755 2838 modum
783 2812 834 2837 ex
859 2806 1036 2852 utraque
1065 2798 1298 2839 continente
1319 2800 1576 2852 excurrebat,

119 2871 162 2903 et
191 2861 247 2903 sic
277 2861 390 2906 ἅλιος
418 2864 539 2915 πρὼν,
562 2864 692 2906 κοινὸς
718 2863 944 2917 ἀμφοτέρας
968 2866 1069 2912 αἴας,
1091 2866 1229 2915 fiebat,
1251 2881 1347 2922 quae
1367 2881 1487 2908 voces
1507 2868 1575 2909 vix

119 2928 173 2970 de
193 2929 449 2971 Chersoneso
470 2930 676 2972 Thracica
695 2930 775 2972 dici
796 2939 1036 2986 potuerunt,
1057 2932 1171 2987 quod
1197 2933 1392 2989 opinatur
1423 2933 1576 2975 Schut-

121 2996 223 3039 zius.
257 2996 353 3038 Vid.
374 3012 499 3054 supra
519 2998 586 3053 69.
619 2999 752 3039 Porro
773 2998 981 3050 ἐξαμείβω,
1005 3000 1183 3055 trajicio,
1205 2999 1284 3042 hoc
1313 3000 1435 3042 etiam
1460 3001 1574 3042 evin-

823 3080 833 3106 ι
859 3081 871 3105 1
