1898 3256
533 219 624 259 AD
656 217 1138 260 PROMETHEUM.
1514 218 1571 258 25

162 330 385 381 Beneficia,
406 330 562 387 quibus
583 331 861 373 Prometheus
880 330 1111 372 humanum
1133 343 1269 387 genus
1287 328 1439 379 affecit,
1460 330 1572 371 varie

101 412 127 438 a
156 398 428 455 scriptoribus
447 398 754 441 describuntur.
814 398 1121 455 Antiquissima
1147 413 1246 439 vero
1274 396 1419 438 fabula
1444 396 1572 439 fuisse

102 465 282 517 videtur,
323 481 420 522 quae
456 466 564 523 ignis
602 466 881 509 inventionem
924 466 1177 508 Prometheo
1216 465 1389 514 tribuit;
1431 465 1570 522 ignem

101 533 208 575 enim
240 534 282 575 in
313 534 444 576 ferula
473 549 498 575 a
529 535 781 577 Prometheo
807 545 1045 592 surreptum
1075 550 1178 586 esse,
1199 544 1296 576 ante
1318 533 1571 591 AEschylum

95 602 183 658 jam
205 602 418 644 Hesiodus
437 612 583 644 auctor
602 613 664 644 est
685 605 810 660 Oper.
832 619 870 644 v.
891 614 960 658 52.

388 671 433 712 τὸ
453 672 528 723 μὲν
548 672 659 715 αὖθις
679 670 744 715 ἐῢς
762 675 856 715 παῖς
874 670 1071 713 Ἰαπέτοιο

267 736 442 792 Ἔκλεψ’
465 739 706 792 ἀνθρώποισι
728 739 827 783 Διὸς
845 741 953 792 παρὰ
971 739 1198 791 μητιόεντος

271 805 345 848 Ἐν
365 809 484 863 κοίλῳ
507 806 679 861 νάρθηκι.

103 874 148 914 Is
177 883 316 915 autem
341 875 479 932 ignem
500 884 622 917 antea
641 875 811 932 quidem
837 876 925 931 jam
956 874 1203 916 mortalibus
1230 884 1393 925 notum,
1423 884 1519 932 post
1548 889 1574 916 a

101 942 211 983 Jove
246 942 295 984 iis
330 943 587 986 subtractum
629 952 670 985 et
704 943 1010 995 absconditum,
1046 942 1230 1001 denique
1262 958 1288 984 a
1320 942 1574 985 Prometheo

101 1102 256 1145 historiis)
272 1105 419 1145 deceptus
434 1116 454 1135 a
465 1105 661 1144 Prometheo,
678 1109 848 1146 utrumque
858 1110 982 1146 putans
996 1115 1062 1136 esse
1077 1110 1218 1144 taurum,
1235 1105 1347 1145 deleyit
1360 1114 1429 1136 ossa
1436 1114 1499 1145 pro
1512 1114 1574 1135 sua

101 1158 232 1189 dimidia
244 1162 348 1198 parte.
393 1159 510 1199 Itaque
518 1163 628 1200 postea
643 1160 679 1189 in
693 1160 874 1190 solennibus
888 1163 919 1191 et
932 1159 1086 1199 reliyiosis
1104 1159 1271 1199 sacrificiis
1286 1169 1384 1191 carne
1398 1159 1574 1190 hostiarum

101 1217 274 1252 consumta,
288 1213 450 1254 reliquias,
466 1223 536 1254 quae
543 1223 624 1254 pars
631 1213 703 1252 fuit
716 1214 856 1253 deorum,
871 1215 976 1245 eodem
991 1214 1059 1253 iyni
1074 1215 1272 1245 comburunt.
1316 1215 1381 1245 Sed
1393 1218 1431 1244 ut
1444 1215 1488 1244 ad
1498 1223 1575 1254 pro-

98 1268 237 1307 positum
251 1271 458 1307 revertamur,
474 1269 618 1308 Jupiter,
634 1278 705 1299 cum
712 1268 840 1306 sactum
859 1268 1010 1307 rescisset,
1027 1269 1133 1299 animo
1150 1273 1293 1309 permoto
1307 1269 1491 1300 mortalibus
1511 1268 1575 1299 eri-

99 1322 174 1362 puit
187 1322 301 1361 iqnem,
317 1331 358 1353 ne
374 1322 553 1353 Promethei
573 1323 682 1362 qratia
700 1323 777 1363 plus
797 1322 925 1354 (leorum
943 1326 1099 1363 potestate
1120 1323 1250 1363 valeret,
1266 1332 1344 1354 neve
1366 1324 1474 1354 carnis
1495 1332 1575 1353 usus

102 1375 191 1406 utilis
211 1376 388 1407 hominibus
410 1376 580 1415 videretur,
601 1386 673 1407 cum
692 1376 782 1418 coqui
802 1386 867 1407 non
886 1381 1001 1417 posset.
1049 1377 1258 1408 Prometheus
1277 1380 1383 1408 autem
1407 1380 1575 1408 consuetus

100 1429 260 1469 insidiari,
275 1440 336 1461 sua
350 1439 447 1471 opera
463 1434 608 1470 ereptum
623 1431 806 1462 mortalibus
820 1431 925 1470 iynem
939 1432 1104 1462 restituere
1118 1431 1282 1471 coyitabat.
1327 1432 1444 1471 Itaque
1465 1431 1576 1462 ceteris

102 1486 227 1516 remotis
241 1485 381 1516 venitad
392 1486 484 1516 Jovis
498 1486 614 1525 iynem,
629 1495 691 1526 quo
705 1484 862 1516 diminuto
874 1489 906 1516 et
924 1485 961 1515 in
975 1485 1120 1524 ferulam
1134 1485 1279 1524 conJecto,
1299 1485 1402 1524 loetus,
1417 1489 1456 1516 ut
1468 1485 1575 1516 volare

102 1549 167 1570 non
189 1549 318 1570 currere
340 1540 511 1578 videretur,
527 1539 672 1578 ferulam
688 1539 830 1579 jactans,
846 1549 887 1571 ne
908 1540 1042 1580 spiritus
1063 1539 1255 1570 interclusus
1274 1539 1444 1580 vaporibus
1458 1540 1576 1571 eoestin-

99 1594 212 1630 queret
232 1590 268 1620 in
290 1591 441 1630 anyustia
464 1591 581 1622 lumen.
627 1593 743 1632 Itaque
765 1591 906 1623 homines
930 1592 1034 1622 adhuc
1054 1592 1254 1632 plerumque,
1278 1592 1333 1632 qui
1353 1592 1470 1622 laetitiae
1483 1591 1578 1632 fiunt

103 1645 221 1684 nuntii,
237 1645 396 1676 celerrime
411 1646 554 1676 veniunt.
594 1646 758 1677 Proeterea
781 1650 878 1677 totum
893 1656 914 1676 a
929 1646 1099 1677 certatione
1113 1647 1261 1677 ludorum
1277 1645 1375 1687 (forte
1388 1645 1449 1687 leg.
1466 1650 1576 1677 notum

102 1709 124 1729 a
148 1699 318 1730 certatione
346 1698 519 1742 ludicrum)
545 1700 726 1731 cursoribus
753 1700 965 1731 instituerunt
991 1710 1031 1731 eoe
1059 1700 1240 1731 Promethei
1269 1701 1508 1738 consuetudine,
1538 1705 1576 1732 ut

102 1757 268 1784 currerent
287 1754 462 1794 lampadem
472 1754 641 1794 jactantes.
685 1755 753 1785 Pro
768 1764 830 1794 quo
842 1755 976 1795 Jupiter
991 1754 1082 1793 facto
1103 1754 1286 1785 mortalibus
1304 1765 1418 1795 parem
1437 1756 1577 1795 qratiam

103 1807 255 1847 reserens,
279 1809 441 1839 mulierem
464 1809 594 1839 tradidit
616 1808 676 1848 his,
700 1818 795 1848 quam
813 1818 834 1839 a
857 1809 997 1839 Vulcano
1011 1808 1137 1847 factam
1159 1809 1286 1840 deorum
1309 1809 1471 1841 voluntate
1492 1810 1576 1841 omni

103 1870 234 1892 munere
256 1861 394 1892 donavit.
440 1863 556 1902 Itaque
578 1863 732 1893 Pandora
758 1866 805 1893 est
830 1863 1002 1902 appellata.
1042 1862 1266 1894 Prometheum
1286 1867 1393 1894 autem
1415 1864 1452 1894 in
1475 1868 1578 1896 monte

106 1915 251 1955 Scythice,
267 1916 393 1947 nomine
410 1917 562 1956 Caucaso,
572 1917 687 1955 ferrea
703 1921 814 1948 catena
829 1917 934 1947 vina-it
942 1929 956 1954 ,·
980 1926 1072 1957 quem
1087 1917 1253 1956 alliyatum
1267 1918 1312 1948 ad
1330 1918 1461 1958 triyinta
1476 1919 1578 1949 millia

104 1979 262 2000 annorum
277 1970 447 2010 AEschylus
462 1971 686 2011 trayoediarum
702 1971 837 2011 scriptor
851 1970 942 2001 dia-it.
977 1971 1140 2002 Proeterea
1155 1971 1282 2002 admisit
1295 1972 1325 2002 ei
1339 1973 1490 2013 aquilam,
1507 1983 1578 2014 quoe

103 2024 230 2054 assidue
253 2028 348 2056 noctu
377 2026 575 2057 renascentia
592 2026 739 2065 jecinora
764 2029 892 2056 eoeesset.
937 2027 1038 2056 Hanc
1063 2029 1168 2057 autem
1194 2026 1335 2067 aquilam
1361 2028 1511 2058 nonnulli
1538 2038 1578 2059 ea:

110 2077 260 2117 Typhone
274 2082 305 2109 et
319 2079 467 2110 Echidna
482 2084 604 2117 natam,
621 2080 678 2110 alii
700 2090 740 2110 ea·
761 2080 864 2110 Terra
885 2083 916 2110 et
935 2080 1082 2118 Tartaro,
1103 2080 1279 2120 complures
1301 2081 1436 2111 Vulcani
1450 2081 1578 2119 factam

103 2132 249 2163 manibus
264 2133 488 2172 demonstrant,
504 2135 705 2175 animamque
719 2135 749 2165 ei
770 2134 810 2164 ab
824 2135 906 2164 Jove
928 2134 1079 2164 traditam
1094 2133 1214 2164 dicunt.
1262 2135 1326 2166 Sed
1346 2135 1415 2174 ejus
1437 2136 1475 2166 de
1495 2136 1578 2166 solu-

103 2186 187 2217 tione
207 2186 291 2217 hanc
311 2188 466 2219 memoria·
485 2189 645 2229 proditam
667 2198 733 2220 esse
756 2199 896 2219 causam.
945 2188 1051 2225 Quum
1068 2188 1202 2228 Jupiter
1221 2188 1365 2220 Thetidis
1385 2190 1578 2220 connubium

100 2240 340 2280 pulchritudine
353 2243 491 2282 corporis
509 2243 659 2274 inductus
678 2247 810 2284 peteret,
833 2253 935 2284 neque
950 2252 971 2273 a
986 2242 1095 2273 timida
1117 2242 1242 2282 viryine
1263 2243 1457 2283 impetraret,
1474 2254 1576 2284 neque

103 2303 142 2325 ea
156 2304 193 2325 re
205 2295 313 2326 minus
327 2297 448 2334 efficere
462 2298 622 2338 coyitaret,
638 2299 693 2330 illo
707 2303 843 2338 tempore
860 2299 975 2328 Parcce
993 2297 1142 2328 cecinisse
1148 2297 1310 2336 seruntur
1317 2298 1405 2337 sata,
1421 2308 1491 2339 quae
1501 2309 1578 2338 per-

101 2348 157 2385 fici
172 2353 291 2380 natura
305 2351 406 2382 voluit
418 2361 526 2383 rerum
536 2365 550 2390 ,·
573 2353 725 2384 dixerunt
739 2353 834 2391 enim,
850 2353 1031 2392 quicunque
1051 2351 1192 2382 Thetidis
1205 2351 1326 2390 suisset
1347 2353 1492 2392 maritus,
1508 2353 1577 2392 ejus

95 2401 205 2441 filium
217 2405 328 2443 patria
333 2405 411 2443 sore
425 2405 520 2437 laude
534 2406 708 2437 clariorem.
757 2407 850 2444 Quod
865 2405 1074 2436 Prometheus
1095 2415 1160 2435 non
1182 2406 1352 2445 voluntate,
1368 2407 1424 2437 sed
1444 2408 1578 2438 necessi-

104 2456 214 2487 tudine
227 2458 373 2498 viqilans,
385 2459 530 2490 auditum
540 2460 616 2491 Jom·
631 2460 803 2491 nuntiavit.
827 2460 890 2497 Qui
902 2459 1032 2498 veritus,
1045 2469 1085 2490 ne
1096 2459 1139 2498 id,
1153 2460 1236 2499 quod
1248 2460 1318 2499 ipse
1336 2461 1478 2491 Saturno
1486 2462 1576 2501 patri

97 2509 237 2549 fecisset,
253 2511 290 2541 in
306 2512 402 2543 simili
423 2523 521 2544 causa
532 2514 603 2553 pati
618 2524 716 2554 reyno
734 2515 884 2554 privatus
904 2518 1076 2553 cogeretur,
1097 2514 1212 2544 destitit
1232 2514 1354 2544 Thetim
1370 2515 1448 2545 velle
1463 2515 1578 2547 ducere

105 2573 244 2602 uxorem,
259 2568 290 2595 et
306 2565 491 2598 Prometheo
502 2577 564 2607 pro
578 2568 724 2608 beneficio
738 2568 881 2599 meritam
896 2568 1007 2598 retulit
1024 2568 1174 2607 qratiam,
1190 2577 1324 2608 eumque
1342 2568 1478 2599 vinculis
1500 2569 1576 2601 libe-

105 2618 200 2656 ravit,
215 2627 326 2658 neque,
342 2621 426 2660 quod
445 2621 492 2652 illi
507 2621 623 2661 suerat
637 2623 782 2662 juratus,
797 2623 926 2662 remisit,
946 2632 1083 2653 vacuum
1105 2623 1190 2652 omni
1211 2622 1394 2661 alliyatione
1408 2622 1576 2660 futurum.

107 2671 171 2702 Sed
183 2673 336 2703 memoria
349 2683 447 2705 causa
461 2685 501 2706 ex
515 2680 652 2717 utraque
667 2687 712 2715 re,
729 2676 786 2707 hoc
800 2680 856 2715 est,
873 2677 978 2716 lapide
993 2680 1024 2706 et
1030 2676 1123 2715 ferro
1138 2676 1198 2706 sibi
1215 2676 1348 2714 diyitum
1369 2676 1490 2708 virwire
1505 2678 1578 2717 jus-

105 2725 157 2756 sit.
205 2726 278 2762 Qua
292 2729 517 2760 consuetudine
538 2730 678 2762 homines
693 2731 755 2770 usi,
773 2740 834 2771 quo
855 2730 1041 2768 satisfacere
1057 2729 1242 2760 Prometheo
1256 2730 1452 2769 viderentur,
1468 2743 1576 2764 annu-

105 2779 151 2810 los
165 2779 270 2819 lapide
284 2784 315 2811 et
321 2781 414 2819 ferro
428 2784 587 2814 conclusos
606 2784 720 2815 habere
741 2789 910 2824 coeperunt.
961 2784 1126 2814 Nonnulli
1147 2784 1241 2814 etiam
1262 2794 1408 2815 coronam
1429 2785 1577 2818 habuisse

70 2875 73 2877 d
106 2833 267 2873 diverunt,
283 2838 321 2865 ut
329 2844 364 2865 se
376 2836 522 2867 victorem
536 2837 667 2877 impune
677 2848 824 2878 peccasse
837 2838 962 2869 diceret.
974 2858 1019 2864 -
1032 2858 1076 2864 --

150 2887 353 2928 lampadum
368 2889 550 2921 certaminis
564 2890 599 2921 in
614 2890 769 2922 honorem
786 2891 967 2922 Promethei
983 2891 1023 2922 ab
1039 2901 1095 2922 ara
1110 2892 1180 2931 ejus
1202 2891 1236 2922 in
1259 2892 1420 2923 academia
1435 2893 1575 2926 Athenis

106 2940 246 2973 instituti
268 2942 464 2974 mentionem
489 2943 564 2975 facit
586 2944 684 2975 etiam
708 2945 848 2976 Pausan.
872 2946 970 2977 Attio.
986 2956 1054 2987 cap.
1081 2955 1132 2986 30.
1174 2946 1224 2978 De
1246 2946 1369 2978 annulo
1392 2947 1574 2979 Promethei

106 2994 203 3026 etiam
219 2995 345 3028 Plinius
359 2996 502 3037 loquitur
518 2997 564 3029 H.
582 2998 624 3029 N.
641 3008 694 3039 33,
712 3010 742 3038 4.
759 3006 812 3040 37,
834 3008 861 3030 1.

830 3067 857 3093 D
