1898 3256
300 233 384 276 172
774 232 1266 276 ANNOTATIONES

301 344 523 385 Menandri
554 360 693 387 versus
723 346 836 402 apud
870 346 1059 387 Strabon.
1091 359 1154 387 10.
1189 361 1228 401 p.
1256 355 1353 399 452.
1379 343 1462 385 Τὸν
1490 342 1734 395 ὑπέρκομπον

301 414 457 464 θηρῶσα
486 411 615 453 Φάων’
638 414 869 466 Οἷστροῦντι
887 411 1009 468 πόθῳ.
1070 412 1188 453 Idem
1218 410 1362 453 accidit
1392 410 1432 450 in
1462 409 1550 450 aliis
1569 408 1744 464 quibus:

299 477 394 518 dam
415 478 594 520 vocibus.
627 481 855 521 BLOMF.
916 479 1185 520 Scribendum
1214 475 1443 530 ὑπερκόποις
1472 490 1565 518 cum
1592 475 1733 516 Blom-

299 544 436 586 fieldo.

354 623 450 665 392.
470 611 612 667 μάχης]
640 611 670 653 δ’
692 613 808 654 addit
827 614 882 654 A.

356 701 452 742 393.
473 693 648 742 χαλινῶν
669 689 718 730 Β.
741 689 852 730 Rob.
882 694 1058 743 χαλινῶν
1079 691 1108 731 δ’
1130 689 1268 745 vulg0.

357 797 422 851 ὣς]
444 798 514 837 Ex
535 798 599 838 M.
621 807 860 839 annotatum
883 759 947 842 gg.

357 872 653 925 κατασθμαίνων
681 873 807 928 μένει]
841 875 1117 926 κατασθμαίνει
1135 873 1263 925 μένων
1284 874 1391 914 Rob.
1419 874 1527 925 μένει
1547 887 1627 913 non
1647 887 1735 913 ver-

298 940 396 980 bum
418 949 492 989 est,
514 940 583 980 sed
605 940 769 982 dativus
789 941 1042 981 substantivi.
1095 940 1160 981 Sic
1181 942 1332 996 Agam.
1356 950 1451 995 237.
1474 941 1542 995 βίᾳ
1561 944 1734 993 χαλινῶν

299 1006 330 1046 τ’
354 1008 505 1061 ἀναύδῳ
525 1008 646 1060 μένει.
682 1009 806 1048 Eum.
829 1010 925 1062 651.
947 1009 1059 1048 οὐδὲν
1079 1009 1304 1058 ἀσθμαίνων
1323 1007 1443 1057 μένει.

354 1097 451 1138 394.
474 1085 595 1139 ὅστις]
619 1086 668 1128 ὥς
688 1102 744 1128 τις
765 1085 866 1125 Ald.
889 1086 1025 1125 Turn.

354 1151 474 1204 βοὴν]
498 1155 576 1206 βοῇ
601 1152 652 1191 L.

356 1218 530 1269 ὁρμαίνει
557 1217 704 1272 μένων]
734 1220 927 1270 ὁρμαίνων
945 1218 1055 1270 μένει
1074 1217 1230 1258 codices
1249 1217 1418 1272 aliquot.
1465 1216 1734 1257 Scribendum

299 1283 474 1334 ὁρμαίνει
514 1285 641 1324 κλύων
679 1299 770 1325 cum
809 1285 1068 1340 Tyrwhitto:
1101 1283 1213 1340 quod
1251 1283 1393 1339 legisse
1426 1283 1590 1323 videtur
1623 1281 1736 1322 scho-

301 1349 427 1399 liasta,
450 1350 493 1390 τὸ
515 1352 557 1390 δὲ
578 1353 678 1401 ἑξῆς,
699 1352 817 1393 οὕτως
843 1351 1049 1402 ἀσθμαίνει
1080 1351 1141 1391 καὶ
1168 1352 1326 1391 σπεύδει
1355 1351 1405 1392 ὡς
1433 1351 1547 1392 ἵππος
1572 1353 1733 1399 πολεμι-

300 1417 393 1467 στὴς
412 1417 633 1470 σάλπιγγος
653 1419 814 1465 ἀκούων,
838 1420 1030 1470 ἐπιθυμῶν
1049 1417 1235 1469 πολέμου,
1257 1419 1322 1459 ὅτε
1347 1419 1515 1470 εἴργεται
1543 1415 1638 1469 πρὸς
1666 1419 1734 1456 τοῦ

301 1484 499 1535 ἔπιβάτου.

354 1552 452 1605 396.
475 1551 652 1607 κλῄθρων
673 1553 737 1593 Μ.
771 1553 959 1604 κλείθρων
978 1550 1117 1606 vulgo.

354 1618 453 1672 398.
489 1617 695 1672 ἑλκοποιὰ]
736 1618 948 1673 Vulnffica.
999 1616 1132 1657 Schol.
1167 1618 1227 1657 A.
1260 1620 1393 1657 Ταῦτα
1431 1614 1519 1668 παρ’
1550 1614 1736 1656 Ἀλκαίου

300 1685 456 1736 εἴρηται.
487 1685 532 1725 οὗ
551 1685 750 1736 τιτρώσκει
769 1686 817 1725 τὰ
838 1685 1008 1736 ἐπίσημα
1027 1685 1143 1731 ὅπλα,
1166 1685 1254 1725 οὐδὲ
1275 1685 1371 1725 αὐτὰ
1391 1682 1473 1725 καθ’
1488 1685 1605 1724 ἑαυτὰ
1624 1682 1736 1723 δύνα-

297 1767 364 1800 μιν
383 1750 478 1803 ἔχει,
503 1752 537 1791 εἰ
554 1751 607 1802 μὴ
627 1751 701 1803 ἄρα
721 1753 742 1791 ὁ
763 1751 895 1804 φέρων
915 1751 1011 1791 αὐτὰ
1032 1755 1212 1803 γενναῖος
1231 1749 1270 1806 ᾗ.
1304 1751 1410 1791 Haec
1429 1750 1556 1790 citans
1571 1763 1621 1789 ex
1637 1749 1734 1788 MS.

299 1817 352 1857 F.
386 1816 563 1857 Ursinus
590 1817 731 1873 Lyric.
762 1819 927 1873 Fragm.
956 1833 995 1873 p.
1022 1819 1111 1859 108.
1140 1817 1275 1867 habet,
1298 1819 1332 1859 εἰ
1355 1818 1407 1869 μὴ
1427 1818 1501 1870 ἄρα
1531 1817 1552 1857 ὁ
1580 1816 1737 1868 φεύγων

299 1883 396 1923 αὐτὰ
425 1884 587 1935 δύναμιν
617 1884 688 1938 ἔχῃ
720 1885 782 1925 καὶ
812 1888 991 1937 γενναῖος
1015 1883 1053 1939 ᾗ.
1114 1884 1231 1925 Idem
1263 1883 1445 1925 fabulam
1473 1891 1589 1923 vocat
1610 1881 1736 1922 Ἑπτὰ

300 1950 363 1990 ἐπὶ
390 1949 544 2001 Θήβας.
606 1951 743 1991 Miror
771 1951 972 1992 neminem
1000 1951 1268 2007 interpretum
1302 1950 1519 1992 contulisse
1549 1949 1641 1990 Liv.
1668 1961 1735 1998 10,

297 2028 366 2070 39.
387 2017 488 2057 Non
503 2019 613 2058 enim
628 2019 778 2059 cristas
794 2019 968 2059 vulnera
970 2019 1124 2074 facere
1137 2035 1151 2065 ‚·
1183 2024 1222 2059 et
1232 2032 1311 2074 per
1317 2019 1434 2074 picta
1450 2023 1570 2073 atque
1584 2021 1736 2056 aurata

298 2089 415 2124 scuta
445 2085 627 2125 transire
643 2086 879 2126 Romanum
906 2085 1052 2140 pilum.
1086 2084 1221 2125 Tacit.
1243 2084 1386 2139 Agric.
1410 2095 1477 2124 22.
1497 2083 1567 2123 Ne
1585 2087 1737 2123 terreat

299 2163 434 2190 vanus
453 2151 682 2206 adspectus,
704 2157 743 2191 et
762 2150 1026 2207 aurificlgor
1038 2157 1159 2207 atque
1174 2152 1357 2206 argenti,
1374 2150 1482 2205 quod
1494 2163 1620 2205 neque
1635 2149 1740 2205 tegit

298 2229 426 2271 neque
445 2217 647 2257 vulnerat.
681 2217 910 2256 BLOMF.

354 2284 549 2338 γίγνεται]
573 2286 724 2337 γίνεται
744 2283 838 2324 edd.
861 2292 955 2324 ante
975 2283 1219 2323 Porsonum.

353 2362 448 2402 402.
470 2351 494 2401 ἡ
512 2349 656 2404 ’ννοία]
679 2350 702 2401 ἡ
723 2350 836 2391 ἄνοια
854 2348 961 2399 libri,
979 2348 1093 2404 quod
1112 2349 1153 2389 in
1174 2348 1268 2390 edd.
1286 2347 1575 2389 recentioribus
1594 2349 1617 2399 ἡ
1636 2348 1735 2389 ’νοια

299 2416 508 2472 scriptum.
569 2416 831 2457 Substantivo
852 2416 984 2457 ἔννοια
1004 2430 1108 2471 opus
1127 2430 1212 2456 esse
1237 2414 1436 2455 intellexit
1457 2413 1735 2464 Blomfieldus,

299 2483 371 2538 qui
394 2484 525 2538 ἐννοίᾳ
544 2483 716 2539 scripsit.
750 2484 896 2524 Veram
917 2481 1157 2538 scripturam
1178 2481 1345 2533 ἡ”ννοια
1365 2496 1415 2522 ex
1435 2480 1573 2522 codice
1587 2495 1737 2522 memo-

298 2559 362 2590 rat
383 2550 608 2599 Burtonus‚
630 2564 756 2605 quam
776 2556 957 2590 correcto
976 2557 1142 2590 accentu
1165 2548 1312 2604 recepi.

354 2629 453 2672 403.
475 2616 607 2671 πέσοι]
627 2615 730 2667 πέσῃ
750 2615 906 2671 aliquot
925 2614 1047 2656 codd.

353 2696 451 2736 404.
481 2683 744 2736 ὑπέρκομπον]
771 2682 1040 2724 Scribendum
1059 2681 1281 2735 ὑπέρκοπον
1301 2697 1351 2722 ex
1372 2681 1512 2723 Guelf.
1534 2689 1575 2721 et
1595 2682 1733 2736 Mosq.

300 2750 493 2791 secundo,
526 2749 746 2802 ἡπέρκομον
764 2749 869 2790 Ald-

355 2827 452 2870 405.
476 2817 617 2871 ὀρθῶς]
639 2815 675 2869 γ’
697 2816 857 2857 addunt
878 2817 1045 2857 Barocc.
1070 2815 1168 2856 Ald.
1193 2816 1345 2865 Turn„
1367 2829 1447 2855 non
1470 2814 1613 2870 Steph.

356 2884 453 2933 406.
473 2883 558 2937 τὴν]
582 2882 850 2923 Scribendum
870 2881 972 2933 τήνδ’
994 2896 1045 2922 ex
1067 2883 1132 2922 M.
1153 2890 1193 2923 et
1212 2890 1408 2937 quattuor
1427 2880 1527 2922 aliis.

355 2948 627 3003 μαντεύσεται]
647 2949 877 2999 μαντεύεται
896 2957 978 2989 tres
998 2947 1118 2989 codd.
