1898 3256
354 262 443 305 AD
475 261 731 305 SEPTEM
764 259 1096 303 ADVERSUS
1130 259 1400 301 THEBAS.
1532 259 1614 300 185

145 391 309 419 sensum
341 376 478 419 minus
506 385 782 434 perceperunt
815 374 1078 432 interpretes,
1109 372 1182 429 qui
1215 372 1455 429 intelligunt
1493 389 1614 424 καπη-

144 446 278 486 λεύειν
298 444 338 485 in
361 443 605 486 secundario
631 458 770 494 sensu,
790 443 839 484 ob
868 447 1073 499 quaestum
1084 442 1241 498 facere
1270 440 1461 498 aliquid;
1496 449 1544 481 ut
1573 439 1614 480 in

145 512 274 554 Ennii
296 528 434 564 versu,
458 513 558 554 Non
578 516 861 569 cauponantes
880 509 1029 552 bellum
1057 508 1130 550 sed
1158 508 1468 565 belligerantes,
1490 521 1615 563 quem

144 579 229 622 huc
250 579 392 622 retulit
408 581 463 622 G.
487 581 655 622 Canter.
678 579 733 621 N.
756 579 809 620 L.
832 592 875 634 3,
898 592 940 633 9.
1000 576 1174 618 Rectius
1194 592 1293 617 vero
1318 575 1544 617 Salmasius
1564 574 1618 616 de

147 648 276 690 Usur.
304 664 349 706 p.
377 649 477 704 346.
504 648 574 700 ait,
604 647 726 689 Viros
752 647 911 697 doctos,
939 645 1010 702 qui
1042 654 1195 702 putant
1226 643 1356 686 Ennii
1383 644 1618 701 cauponari

143 715 254 758 idem
286 716 422 758 valere
448 731 496 758 ac
523 715 716 773 AEschyli
746 715 997 766 καπηλεύειν,
1028 712 1295 755 vehementer
1318 727 1468 754 errare.
1527 712 1618 753 Nec

147 794 283 826 tamen
320 784 408 841 ipse
444 783 542 826 satis
573 793 765 826 accurate
795 781 929 833 vertit,
965 782 1001 823 il
1037 796 1090 823 ne
1123 780 1432 822 marchandera
1466 794 1549 836 pas
1582 779 1620 820 le

146 853 325 900 combat‚·
358 852 554 909 Anglice,
568 852 619 893 he
638 851 724 893 will
742 857 814 893 not
832 851 994 908 haggle
1010 851 1139 892 about
1140 849 1359 907 fighting.
1382 848 1618 890 BLOMF.

202 930 302 976 547.
333 919 655 976 Παρθενοπαῖος]
684 921 751 961 De
782 934 976 960 mensura
1005 918 1134 975 hujus
1164 916 1344 959 nominis
1374 915 1533 958 dictum
1564 915 1618 958 ad

147 1004 186 1031 v.
207 989 307 1043 488.
368 987 486 1030 Male
506 990 527 1030 ὁ
548 992 853 1042 Παρθενοπαῖος
874 988 924 1029 F.

202 1056 363 1112 Ἀρκὰς]
387 1056 524 1098 Schol.
550 1055 790 1110 Ἀντίμαχός
817 1060 942 1109 φησιν
966 1054 1152 1109 Ἀργεῖον
1180 1054 1313 1103 αὐτὸν,
1336 1054 1407 1096 οὐκ
1431 1053 1620 1106 Ἀρκάδα.

148 1124 359 1182 Argivum
389 1139 466 1166 cur
494 1124 646 1166 dixerit
676 1123 957 1165 Antimachus
986 1138 1037 1164 ex
1070 1122 1150 1164 hoc
1179 1122 1270 1179 ipso
1301 1120 1494 1179 AEschyli
1530 1120 1621 1163 loco

147 1192 406 1249 intelligitur.
427 1191 579 1249 Eurip.
603 1191 754 1233 Phoen.
774 1205 789 1232 1
803 1202 895 1247 153.
918 1193 939 1232 ὁ
961 1190 992 1232 δ’
1013 1189 1172 1244 Ἀρκὰς,
1195 1191 1263 1233 οὐκ
1286 1190 1482 1244 Ἀργεῖος,
1504 1189 1620 1231 Ἀτα-

148 1260 297 1313 λάντης
314 1262 445 1315 γόνος.

206 1329 306 1384 548.
327 1329 376 1384 δ’]
397 1328 429 1369 τ’
453 1329 509 1370 N.

205 1408 303 1452 549.
334 1395 474 1452 τοῖσδ’]
496 1395 589 1438 δείν’
611 1396 771 1452 aliquot
798 1395 921 1437 codd.
943 1407 984 1436 et
1007 1394 1118 1436 Rob.
1140 1409 1192 1435 ex
1214 1409 1251 1434 v.
1274 1396 1373 1446 426.
1397 1394 1561 1447 πύργοις
1588 1392 1619 1434 δ’

151 1466 313 1507 ἀπειλεῖ
330 1463 437 1512 δείν’,
460 1464 486 1505 ἃ
505 1464 558 1516 μὴ
579 1465 729 1517 κραίνοι
748 1465 858 1517 τύχη.

208 1533 377 1587 κραίνοι]
402 1532 538 1585 κράνοι
558 1532 728 1573 Barocc.
750 1531 863 1572 Rob.
925 1530 1087 1572 Eadem
1107 1529 1286 1570 varietas
1306 1544 1345 1570 v,
1367 1530 1464 1582 426,

206 1609 305 1656 550.
338 1602 373 1642 εἰ
397 1602 474 1653 γὰρ
494 1600 653 1654 τύχοιεν
672 1600 727 1640 ὧν
747 1602 943 1652 φρονοῦσι
963 1598 1062 1651 πρὸς
1088 1596 1210 1653 θεῶν]
1235 1596 1464 1638 Scholiasta
1486 1605 1622 1645 vetum,

152 1670 235 1711 εἴθε
263 1671 339 1722 γὰρ
365 1669 473 1721 παρὰ
502 1671 603 1709 θεῶν
633 1668 791 1721 τύχοιεν
822 1665 990 1717 ἐπαξίως
1020 1666 1075 1706 ὧν
1103 1667 1322 1718 φρονοῦσιν
1352 1665 1529 1706 ἀνοσίων
1559 1664 1624 1705 καὶ

151 1737 472 1786 ἀλαζονεύονται,
495 1736 559 1777 ἐπὶ
585 1739 662 1777 τῶν
686 1735 864 1776 ἀσπίδων
886 1733 1149 1787 κομπάσματα
1177 1733 1351 1786 ἔχοντες.
1414 1731 1621 1773 Dativum

153 1805 287 1848 αὐτοῖς
322 1804 485 1847 ἐκείνοις
517 1804 694 1846 ἀνοσίοις
729 1802 1008 1855 κομπάσμασιν
1043 1800 1196 1842 rectius
1230 1800 1528 1856 interpretatus
1561 1809 1624 1841 est

154 1872 372 1914 scholiasta
400 1871 615 1924 recentior,
648 1873 729 1912 εἴθε
750 1873 836 1924 ,γὰρ
870 1871 1029 1924 τύχοιεν
1058 1871 1165 1923 παρὰ
1201 1873 1278 1910 τῶν
1315 1872 1417 1910 θεῶν
1447 1870 1503 1909 ὧν
1537 1867 1620 1909 καθ’

154 1940 262 1991 ἡμῶν
277 1941 511 1992 φρονοῦσιν,
528 1938 733 1980 τουτέστιν
748 1938 848 1991 ἅπερ
863 1939 955 1990 ἡμῖν
977 1939 1213 1979 ἀπειλοῦσιν
1234 1937 1345 1978 αὐτοὶ
1363 1936 1542 1986 πάθοιεν,
1560 1936 1625 1977 καὶ

157 2008 280 2050 ὄντως
300 2006 350 2048 ἂν
370 2007 406 2048 εἷ
423 2006 580 2060 γένοιτο
600 2010 729 2054 τοῦτο,
753 2007 1017 2047 ἀπολεσθεῖεν
1038 2004 1087 2046 ἂν
1109 2005 1183 2047 σὺν
1205 2004 1336 2047 αὐτοῖς
1352 2005 1517 2047 ἐκείνοις
1533 2021 1623 2055 κομ-

158 2091 342 2126 πασμασι
367 2075 616 2127 πανώλεθροι
637 2075 700 2115 καὶ
719 2073 939 2126 παγκάκως.
972 2073 1043 2129 qui
1066 2073 1145 2114 hoc
1165 2088 1335 2129 quoque
1354 2072 1460 2113 bene
1480 2071 1621 2122 sensit,

155 2142 283 2183 verba
310 2141 390 2183 ista
418 2156 498 2182 non
529 2151 639 2191 ante,
662 2141 732 2182 sed
760 2153 854 2198 post
875 2156 1036 2182 versum
1060 2141 1083 2192 ἦ
1105 2140 1176 2182 τᾶν
1196 2142 1394 2185 πανώλεις
1414 2139 1625 2194 παγκάκως

155 2208 188 2251 τ’
209 2211 385 2260 ὀλοίατο,
406 2208 595 2250 collocari
615 2208 816 2250 debuisse.
879 2209 996 2249 Male
1017 2223 1114 2250 vero
1136 2218 1313 2266 uterque
1341 2208 1560 2249 scholiasta
1587 2209 1623 2249 εἰ

154 2291 233 2335 pro
254 2279 335 2319 εἴθε
352 2276 535 2334 accepit:
568 2292 695 2333 quam
720 2291 803 2318 non
831 2276 1003 2332 optandi
1031 2292 1118 2318 esse
1145 2277 1407 2334 particulam,
1430 2276 1502 2317 sed
1522 2291 1620 2317 con-

154 2344 405 2396 ditionalem,
421 2344 612 2401 apodosis
631 2345 811 2386 ostendit
827 2345 880 2386 ab
895 2344 920 2396 ἦ
935 2344 1066 2386 τᾶν-
1079 2344 1290 2401 incipiens.
1322 2342 1625 2386 Conditionalis

154 2421 293 2454 autem
315 2411 348 2453 si
367 2421 429 2453 est
447 2411 666 2468 particula,
688 2412 809 2454 nimis
829 2428 880 2453 ex
901 2413 1083 2468 abrupto
1101 2413 1191 2454 haec
1212 2412 1415 2454 sententia
1431 2411 1623 2452 infertur.

156 2479 334 2522 Accedit
367 2479 422 2520 ad
453 2479 532 2520 hoc
561 2480 676 2536 quod
705 2480 878 2537 pluralis
909 2483 1103 2533 φρονοῦσι
1134 2495 1217 2521 non
1249 2479 1376 2520 habet
1411 2494 1497 2535 quo
1527 2488 1625 2534 apte

156 2547 374 2589 referatur.
437 2548 588 2603 Itaque
620 2562 762 2589 vereor
786 2563 837 2588 ne
867 2548 1047 2589 indicata
1076 2547 1256 2589 duorum
1288 2546 1504 2587 minimum
1535 2561 1625 2586 ver-

158 2629 281 2655 suum
310 2615 461 2656 lacuna
489 2615 822 2672 transpositoque
852 2615 904 2656 de
925 2631 1010 2671 quo
1031 2615 1156 2657 modo
1177 2614 1365 2656 dicebam
1388 2629 1510 2655 versu
1539 2629 1625 2654 uno

158 2681 424 2723 scribendum
446 2681 497 2722 sit

332 2749 356 2774 ’ἕ
472 2751 498 2773 ³1²
617 2751 640 2775 ἦ
760 2752 784 2776 *⁵
904 2753 927 2776 *-
1047 2752 1071 2776 ἕ

329 2818 351 2840 ³*
473 2818 494 2839 ἦ
616 2819 637 2840 a*
760 2820 781 2840 ἴε
910 2821 933 2844 ※
1053 2819 1076 2844 ἔ

333 2886 367 2925 εἰ
387 2886 464 2936 γὰρ
483 2885 640 2938 τύχοιεν
661 2887 715 2925 ὧν
735 2889 929 2938 φρονοῦσι
950 2887 1046 2939 πρὸς
1066 2889 1180 2931 θεῶν,

333 2951 356 3001 ἦ
376 2951 449 2993 τᾶν
468 2953 666 2995 πανώλεις
687 2952 896 3006 παγκάκως
915 2953 947 2994 τ’
970 2955 1131 2994 ὀλοίατο

334 3019 464 3061 αὐτοῖς
487 3020 648 3062 ἐκείνοις
668 3021 843 3064 ἀνοσίοις
864 3020 1154 3073 κομπάσμασιν.

846 3104 875 3128 A
896 3104 920 3129 a
