1898 3256
344 211 429 252 314
813 211 1305 254 ANNOTA'I'IONES

342 322 471 372 μαίνει
491 320 535 360 τὸ
561 322 730 360 διελθεῖν
750 320 812 361 καὶ
839 322 1054 373 ἐρευνῆσαι·
1084 323 1179 363 ἵσως
1207 321 1284 361 ἀπὸ
1314 322 1382 360 τοῦ
1406 318 1558 371 πέμπω.
1588 321 1777 362 Αἰολικῶς

343 387 399 434 δὲ,
419 386 464 426 τὸ
485 387 581 426 κατὰ
599 385 717 426 πέντε
736 386 976 438 ἆριθμήσειν,
1000 387 1070 427 ubi
1090 386 1322 442 legendum,
1345 387 1565 439 ἀριθμῆσαι.
1626 386 1776 425 Noster

343 453 520 493 Eumen.
543 461 640 506 751.
668 451 874 504 πεμπάζετ’
902 455 1022 505 ὀρθῶς
1052 454 1222 504 ἐκβολὰς
1249 453 1410 505 ψήφων,
1440 450 1556 502 ξένοι.
1586 450 1773 501 Photius‚

342 518 509 569 πέμπτα.
539 518 667 559 πέντε.
700 519 762 559 καὶ
781 521 950 566 Αἰολεῖς,
981 518 1043 559 καὶ
1066 517 1213 568 Ἴωνες,
1242 519 1304 559 καὶ
1331 517 1512 558 Ἀττικοί.
1543 515 1775 568 πεμπτάζειν

340 587 416 638 γὰρ
437 587 534 626 κατὰ
552 585 669 626 πέντε
689 586 876 638 ἀριθμεῖν.
922 585 1091 640 Corrige
1111 583 1336 636 πεμπάζειν.
1367 583 1579 624 Plutarch.
1600 583 1652 623 de
1672 582 1773 624 Isid.

340 662 381 693 et
401 652 507 694 Osir.
526 667 567 707 p.
587 663 684 706 374.
706 654 763 693 A.
783 653 827 693 τὸ
850 653 1146 705 ἀριθμήσασθαι,
1167 651 1449 703 πεμπάσασθαι
1466 651 1641 704 λέγουσι.
1679 650 1775 692 Vid-

339 718 504 759 Alberti
532 718 584 758 ad
613 718 796 774 Hesych.
820 718 868 758 'in
897 734 939 759 v.
970 718 1257 771 πεμπάσσεται.
1288 721 1383 760 κατὰ
1412 718 1529 760 πέντε
1558 717 1772 770 ἀριθμήσει,

339 785 383 826 τὸ
404 787 478 837 γὰρ
498 784 615 825 πέντε
635 787 793 827 Αἰολεῖς
812 785 939 836 πέμπε
962 785 1139 838 λέγουσι·
1174 789 1483 839 καταχρηστικῶς
1502 787 1544 825 δὲ
1564 786 1627 825 καὶ
1645 788 1775 837 ψιλῶς

338 851 552 904 ἀριθμήσει.
614 851 789 905 Nequeo
818 861 954 891 autem
985 851 1080 892 satis
1108 851 1243 891 mirari
1273 850 1473 891 neminem
1503 851 1774 907 interpretum

337 917 590 973 perspexisse
618 932 703 972 quo
731 916 889 957 alludat
917 926 1052 972 poeta.
1101 918 1216 970 μύρια
1243 918 1358 969 μύρια
1385 916 1619 969 πεμπαστάν
1645 926 1772 967 verte,

338 985 409 1039 qui
438 985 661 1024 exercitum
686 998 763 1039 per
793 984 1005 1040 myriadas
1032 990 1293 1025 recensuerat
1305 1001 1320 1034 ‚·
1349 992 1523 1039 praeerat
1541 997 1687 1039 nempe
1707 998 1774 1025 co-

337 1049 499 1105 piarum
528 1051 749 1092 recensioni
783 1052 836 1092 ab
866 1050 1085 1092 Herodoto
1115 1058 1348 1091 memoratae
1379 1061 1418 1103 7,
1450 1052 1517 1091 60.
1547 1065 1642 1105 quae
1677 1053 1773 1092 κατὰ

335 1115 521 1169 μυριάδας
547 1117 698 1164 fiebat;
735 1117 875 1158 decem
905 1117 1084 1159 millibus
1114 1117 1326 1158 hominum
1355 1127 1470 1173 septo
1499 1117 1676 1172 quodam
1709 1117 1772 1158 in-

337 1183 469 1234 clusis,
491 1183 585 1224 dein
605 1184 693 1225 aliis
712 1185 851 1226 decem
873 1185 1064 1234 millibus,
1086 1194 1124 1226 et
1145 1185 1200 1226 sic
1220 1185 1420 1240 deinceps.
1465 1185 1531 1224 De
1550 1183 1773 1238 composito

338 1251 626 1302 ἆναπεμπάζειν
640 1251 722 1293 vid.
743 1251 967 1293 Ruhnken.
988 1252 1041 1292 ad
1064 1252 1269 1293 Timaeum
1292 1267 1332 1308 p.
1354 1265 1422 1307 33.
1454 1252 1682 1292 BLOMF.

393 1318 489 1371 982.
530 1319 764 1372 Βατανώχου
798 1318 939 1375 Steph.
967 1328 1007 1360 et
1037 1318 1196 1359 codices
1223 1318 1420 1374 plerique.
1462 1319 1689 1371 Βατανόχου
1719 1318 1770 1358 C.

334 1384 435 1425 Ald.
457 1385 567 1425 Rob.
590 1386 724 1427 Turn.
755 1386 985 1440 Βατανάχου
1013 1386 1153 1427 Guelf.
1213 1386 1313 1425 Post
1339 1385 1450 1425 hunc
1474 1399 1637 1425 versum
1667 1384 1772 1425 indi-

333 1451 421 1492 cavi
441 1452 642 1492 lacunam.
701 1452 871 1493 Excidit
890 1467 1029 1493 versus
1048 1451 1319 1507 anapaesticus
1336 1460 1601 1492 monometer.

391 1518 487 1572 983.
528 1517 694 1569 Σησάμα
725 1519 812 1572 τοῦ]
852 1518 1078 1570 σησαμάτσυ
1108 1517 1265 1573 aliquot
1297 1517 1417 1558 codd.
1450 1527 1490 1558 et
1522 1517 1623 1558 Ald.
1658 1517 1769 1560 Rob.

334 1584 519 1637 Σησάμου
545 1588 613 1625 τοῦ
633 1586 768 1626 Turn.
831 1586 1063 1626 Paucorum
1093 1583 1280 1625 codicum
1309 1583 1550 1639 corruptelae
1579 1593 1675 1625 sunt
1703 1602 1773 1635 ση-

334 1652 430 1702 σίμα
450 1654 530 1701 τοῦ,
554 1653 719 1702 σησίμου
741 1654 821 1702 τοῦ,
842 1650 1026 1702 σημάτου.
1069 1649 1337 1691 Scribendum
1359 1649 1537 1701 Σεισάμα
1555 1653 1623 1690 τοῦ
1641 1665 1692 1691 ex
1712 1651 1769 1691 N.

333 1717 540 1769 Σεισάμης,
563 1727 749 1774 correpta
769 1717 924 1774 syllaba
943 1716 1088 1767 media,
1109 1716 1259 1772 legitur
1278 1731 1315 1758 v.
1336 1728 1433 1770 322.

391 1785 616 1838 Μυγαβάτα
643 1786 778 1827 Turn.
799 1793 840 1825 et
869 1799 964 1840 pars
994 1783 1191 1825 codicum.
1225 1782 1470 1836 Μεγαβάταν
1491 1783 1599 1824 Rob.
1661 1783 1770 1824 Scri-

333 1850 516 1892 bendum
538 1851 762 1904 Μεγαβάτα
781 1867 831 1892 ex
848 1852 914 1892 M.
934 1850 1103 1906 aliisque
1123 1849 1329 1891 nonnullis
1349 1858 1389 1890 et
1408 1849 1511 1891 Ald.
1533 1850 1771 1903 Μειγαβάτα

333 1933 384 1958 ex
407 1919 472 1958 M.
493 1917 631 1958 attulit
650 1918 701 1958 de
722 1918 864 1959 Furia.

389 1985 487 2038 984.
509 1984 690 2039 Πάρθον]
710 1985 887 2037 Πάρθιον
902 2000 953 2026 ex
970 1986 1034 2026 M.
1051 1984 1231 2026 affertur.
1254 1985 1437 2037 Πάρθεον
1453 1985 1590 2025 Turn.
1611 1985 1771 2036 Πόρθον

335 2051 467 2092 Paris.
490 2066 621 2092 unus:
653 2051 756 2092 alius
776 2051 971 2104 Σπάρθον.

391 2116 422 2156 τ’
444 2116 638 2171 Οἰβάρην]
666 2116 851 2170 τοιβάρην
874 2116 905 2157 τ’
929 2119 995 2158 Μ.
1025 2117 1056 2157 τ’
1085 2116 1249 2170 οἰβάρην
1275 2116 1307 2157 τ’
1329 2116 1391 2157 vel
1419 2115 1450 2156 τ’
1472 2116 1627 2169 οἰβάριν
1652 2117 1684 2157 τ’
1703 2116 1770 2157 alii

334 2183 533 2224 nonnulli.
562 2183 593 2224 τ’
615 2183 828 2236 οἷνοβάρην
847 2183 878 2224 τ’
901 2185 1067 2225 Barocc.
1088 2183 1189 2224 Ald.
1212 2184 1348 2223 Turn.
1374 2182 1406 2223 τ’
1427 2181 1593 2235 οἰβάρην
1612 2182 1771 2223 codices

332 2249 517 2305 plerique
536 2258 577 2290 et
593 2250 700 2291 Rob.
723 2249 899 2302 Οἰβάζην
919 2250 1090 2306 conjecit
1107 2249 1386 2299 Blomfieldus,
1407 2247 1555 2289 collato
1571 2247 1770 2301 Οἰοβάζου

333 2317 495 2357 nomine
515 2317 626 2373 apud
650 2317 851 2358 Herodot.
876 2328 915 2371 7,
938 2318 1007 2357 68.

389 2384 484 2438 985.
507 2385 635 2424 Hunc
655 2398 816 2424 versum
840 2384 975 2425 Xerxi
996 2383 1139 2425 tribuit
1160 2383 1268 2424 Rob.

389 2450 419 2491 ὢ
439 2450 469 2491 ὢ
490 2450 539 2506 ὢ]
564 2450 594 2491 ὢ
614 2449 736 2491 semel
762 2450 903 2505 Steph.
924 2459 964 2491 et
991 2464 1084 2505 pars
1110 2449 1310 2499 codicum,
1332 2449 1393 2490 bis
1411 2450 1467 2490 A.
1497 2448 1648 2503 aliique
1674 2463 1768 2489 cum

331 2516 434 2558 Ald.
466 2518 574 2558 Rob.
607 2518 757 2567 Tum„
789 2517 916 2558 sexies
946 2518 1010 2558 M.
1070 2518 1165 2572 Ego
1197 2515 1395 2572 triplicavi
1424 2524 1464 2556 et
1494 2513 1597 2569 δᾴων
1628 2514 1769 2570 scripsi

333 2599 409 2640 pro
429 2584 558 2625 δαΐων.

389 2652 485 2704 986.
506 2652 679 2703 πρόκακα
700 2652 833 2691 Turn.
851 2660 891 2691 et
911 2648 1070 2690 codices
1090 2648 1285 2704 plerique.
1307 2648 1403 2701 πρὸς
1424 2650 1521 2689 κακὰ
1535 2649 1591 2688 A.
1611 2647 1769 2701 (addito

331 2725 465 2757 tamen
487 2734 548 2770 γρ.
569 2719 760 2770 πρόκακα)
780 2716 930 2772 aliique
949 2714 1134 2756 nonnulli
1154 2729 1248 2756 cum
1270 2714 1372 2755 Ald.
1393 2714 1489 2767 πρὸς
1509 2718 1637 2758 κακοῖς
1658 2714 1767 2755 Rob.

335 2782 530 2824 Similiter
557 2785 700 2827 πόνους
728 2785 944 2836 προπόνους
972 2782 1077 2824 dixit
1108 2781 1328 2838 Sophocles
1348 2781 1468 2837 Ajac.
1489 2790 1612 2835 1197.
1636 2780 1707 2822 ubi
1726 2795 1766 2822 v,

332 2849 631 2891 annotationem
655 2858 847 2892 nostram.

388 2916 484 2971 989.
514 2918 648 2969 ἴυγγα]
682 2919 772 2970 ἴυγα
792 2917 893 2958 Ald.
923 2918 1039 2969 ὕϊγγα
1067 2933 1134 2967 μοι
1160 2917 1241 2970 (γρ.
1263 2913 1380 2968 ἵυγγά
1407 2914 1491 2967 μοι)
1514 2913 1582 2955 Μ.
1640 2912 1766 2955 Scho-
