1898 3256
310 247 394 290 186
782 248 1275 290 ANNOTATIONES

365 366 464 411 551.
485 357 673 412 ἀνοσίοις]
695 349 871 400 ἀνοσίᾶἱῖ·
891 359 955 399 Μ.

365 437 391 478 5
394 433 462 478 52.
481 424 553 464 τᾶν
574 423 852 466 Blomfieldus.
882 425 913 465 τ’
936 425 985 466 ἂν
1004 424 1143 480 vulgo.

363 501 465 545 554.
506 491 635 531 Hunc
663 505 824 531 versum
856 491 914 532 ita
941 489 1200 546 interpolavit
1231 490 1406 530 Tzetzes
1436 487 1546 529 Chil.
1575 496 1616 542 5,
1646 499 1742 541 994.

309 558 415 599 Νοῦς
433 558 507 607 μὲν
526 558 787 608 ἀκόμπαστος,
807 558 893 610 χεὶρ
914 555 944 597 δ’
966 559 1037 610 ὁρᾷ
1057 556 1101 596 τὸ
1121 555 1320 608 δράσιμον.
1352 555 1579 596 BLOMF.

363 631 461 676 555.
481 627 550 664 τοῦ
569 623 691 676 πάρος
709 623 971 677 λελεγμένου]
996 622 1218 679 Hyperbii.

362 689 460 743 556.
492 689 709 743 ἑργμάτων]
733 691 800 730 De
819 690 949 738 factis,
971 704 1050 730 non
1077 689 1128 730 de
1155 687 1372 744 aggeribus
1401 702 1485 728 esse
1513 685 1741 741 intelligen-

307 753 408 794 dum
429 764 570 795 contra
588 755 829 810 interpretes
848 755 1046 811 quosdam
1068 764 1177 796 recte
1196 762 1334 794 monet
1353 752 1635 794 Blomfieldus.

363 830 463 875 557.
486 821 580 875 ἔσω]
603 822 778 862 Praestat
799 823 905 862 εἵσω.
939 820 1012 871 ἔξω
1031 821 1188 877 aliquot
1208 820 1328 862 codd.
1349 830 1390 861 et
1411 819 1521 861 Rob.

362 888 459 940 558.
482 887 680 941 ἐχθίστου]
702 888 833 928 ἀδίκου
854 887 962 928 Rob.

361 954 462 1006 560.
483 952 507 1003 ἢ
525 951 660 1003 ’ξωθεν
680 954 901 994 Porsonus.
923 953 1079 1004 ἔξωθεν,
1093 953 1240 994 omisso
1259 953 1442 1003 articulo,
1463 952 1569 993 libri.
1602 956 1630 976 “
1646 952 1744 992 Sen-

306 1034 375 1060 sus
393 1018 552 1060 facilem
572 1019 698 1060 habet
716 1019 1025 1075 explicationem
1042 1035 1051 1059 :
1084 1033 1181 1075 quae
1198 1020 1363 1075 quidem
1386 1019 1573 1074 (Sphinx
1591 1019 1637 1058 in
1657 1019 1742 1073 cly-

301 1099 378 1141 peo
406 1087 570 1141 qfficta),
599 1087 854 1127 extrinsecus
881 1087 1110 1127 introrsum
1140 1099 1286 1140 nempe
1314 1084 1367 1125 ad
1397 1084 1743 1140 Parthenopaeum

305 1151 422 1193 illum
461 1154 650 1209 clypeum
688 1152 886 1194 ferentem
924 1166 1121 1194 conversa
1154 1153 1351 1208 graviter
1382 1157 1665 1207 conqueretur,
1695 1152 1744 1192 ob

306 1220 467 1261 crebros
493 1221 600 1262 ictu-5·
628 1219 800 1262 telorum
828 1228 868 1260 et
895 1219 1120 1269 hastarum,
1141 1233 1241 1274 quos
1259 1224 1355 1259 ante
1374 1219 1514 1259 urbem
1533 1217 1745 1273 accipiet.''

309 1286 440 1327 SCH.

361 1354 458 1407 561.
499 1353 730 1407 κροτησμοῦ]
765 1354 971 1404 κροτισμοΰ
1004 1352 1066 1392 Μ.
1102 1349 1252 1406 aliique
1290 1349 1476 1391 nonnulli
1514 1364 1607 1390 cum
1643 1348 1742 1390 Ald.

307 1420 439 1460 Turn.

360 1488 458 1541 562.
489 1487 525 1526 I.
549 1490 648 1527 θεῶν
668 1487 864 1527 θελόντων
882 1484 912 1526 δ’
938 1484 984 1538 (δ’
1006 1499 1085 1525 om.
1103 1486 1159 1524 A.
1181 1494 1222 1524 et
1241 1499 1312 1524 sex
1330 1483 1397 1524 alii
1418 1483 1536 1524 codd.
1559 1494 1599 1524 et
1621 1483 1741 1536 Ald.)

305 1552 356 1594 ἂν
384 1551 635 1604 ἀληθεύσαιμ’
668 1553 762 1608 ἐγώ]
798 1551 846 1593 ἂν
872 1550 1081 1607 particulae
1111 1564 1339 1590 mensuram
1371 1549 1587 1605 ancipitem
1618 1550 1743 1590 fuisse

304 1618 432 1659 videri
453 1619 493 1659 in
513 1619 753 1674 praefatione
772 1618 825 1659 ad
848 1616 1090 1673 Sophoclem
1111 1616 1196 1657 dixi
1216 1631 1257 1672 p.
1283 1630 1376 1658 Lvl.
1410 1616 1630 1657 Productae
1649 1631 1746 1671 quae

306 1695 402 1727 sunt
440 1685 554 1741 apud
587 1695 728 1741 poetas
759 1684 922 1726 Atticos
955 1682 1142 1739 exempla
1174 1682 1325 1723 librarii
1365 1697 1554 1738 magnam
1586 1692 1744 1738 partem

305 1753 445 1794 eadem
475 1752 775 1808 interpolarunt
804 1752 1005 1800 libertate,
1041 1764 1124 1805 qua
1159 1751 1228 1790 ἐὰν
1258 1749 1470 1805 particulae
1497 1763 1743 1798 mensuram,

305 1820 358 1861 de
378 1835 462 1875 qua
480 1820 530 1860 ad
553 1819 844 1875 Aristophanis
860 1819 1028 1873 Vespar.
1047 1831 1083 1858 v.
1100 1817 1195 1860 228.
1218 1816 1317 1867 dixi,
1334 1824 1550 1872 praeceptae
1565 1815 1745 1870 opinioni

305 1886 677 1928 accommodarunt.
709 1885 983 1936 Quamobrem
1001 1897 1136 1939 operae
1153 1884 1327 1939 pretium
1343 1893 1404 1924 est
1418 1882 1527 1924 locos
1545 1882 1634 1923 illos
1652 1896 1746 1922 con-

300 1954 468 2009 junctos
486 1953 649 2009 apponi.

366 2020 429 2060 11.
463 2019 684 2075 Sophocles
705 2019 835 2074 Ajace
853 2034 891 2059 v.
913 2031 1031 2073 1339.

477 2120 545 2160 οὐκ
565 2119 614 2160 ἂν
634 2117 855 2169 ἀτιμάσαιμ’
879 2117 940 2164 ἂν,
962 2117 1064 2157 ὥστε
1083 2117 1134 2167 μὴ
1154 2115 1357 2169 λέγειν--.

308 2219 377 2258 Ita
395 2217 489 2258 libri
508 2216 667 2272 antiqui
685 2230 838 2265 omnes,
858 2215 1050 2270 idemque
1069 2213 1110 2254 in
1131 2214 1215 2254 suis
1240 2214 1394 2255 invenit
1416 2212 1651 2260 Triclinius,
1672 2213 1745 2268 qui

306 2283 547 2340 particulam
568 2283 857 2336 παμφάρμακον
877 2280 1083 2336 adjunxit,
1106 2280 1175 2321 οὒκ
1195 2281 1244 2321 ἄν
1262 2279 1297 2333 γ’
1320 2279 1613 2331 ἇτιμάσαιμ’--.
1666 2278 1743 2319 Al-

306 2350 385 2391 dus
404 2365 497 2391 curn
514 2349 670 2405 aliquot
689 2348 900 2390 codicibus
919 2348 1071 2394 οὔκουν,
1094 2361 1219 2401 quam
1239 2345 1480 2386 medicinam
1501 2346 1622 2386 etiam
1639 2346 1747 2385 Tro-

306 2417 430 2458 adum
454 2416 668 2472 Euripidis
688 2415 822 2455 versui
848 2414 1011 2455 cuidam
1041 2412 1266 2453 adhibitam
1297 2413 1438 2468 paullo
1466 2420 1558 2468 post
1587 2410 1744 2452 notabi-

308 2497 412 2524 mus.
472 2482 693 2523 Elmsleius
713 2482 757 2522 οὗ
777 2481 862 2530 τᾶν,
886 2489 931 2521 ut
952 2479 1117 2520 solebat.

366 2550 456 2590 III.
489 2548 711 2604 Sophocles
731 2547 897 2588 Electra
917 2562 953 2586 v.
975 2559 1070 2600 314.

478 2647 501 2697 ἦ
522 2646 552 2687 δ’
575 2646 623 2687 ἂν
645 2647 722 2699 ἐγὼ
743 2648 945 2698 θαρσοῦσα
965 2647 1121 2695 μᾶλλον
1142 2645 1182 2685 ἐς
1201 2645 1346 2696 λόγους

476 2712 564 2755 τοὺς
585 2713 676 2754 σοὺς
697 2713 915 2763 ἱκοίμην-;

307 2811 392 2853 Hic
422 2811 560 2852 Aldus
588 2825 757 2866 quoque
785 2825 880 2851 cum
915 2809 1149 2850 melioribus
1179 2807 1386 2848 codicibus
1417 2805 1638 2847 consentit:
1679 2805 1748 2847 de-

307 2878 473 2919 teriores
502 2878 525 2928 ἦ
558 2877 642 2927 κᾶν,
674 2876 786 2932 quod
817 2875 1170 2916 in'Laurentiano
1199 2875 1244 2915 A
1272 2872 1486 2928 adscripsit
1514 2887 1659 2913 manus
1687 2887 1747 2912 re—

305 2944 471 2985 centior.
532 2946 692 2984 Rarum
713 2944 754 2982 in
775 2942 1091 2997 interrogatione
1110 2950 1171 2982 est
1197 2941 1220 2991 ἦ
1248 2941 1289 2980 δὲ
1312 2941 1425 2993 (nam
1455 2938 1697 2994 plerumque
1722 2938 1747 2989 ἦ
