1898 3256
367 236 458 279 AD
491 235 746 279 SEPTEM
778 233 1109 277 ADVERSUS
1142 233 1413 276 THEBAS.
1542 235 1624 276 201

219 348 496 402 720-726=
506 357 746 403 727—733·

220 424 441 469 734-741
455 435 496 453 =
508 425 746 470 742—749.

218 493 441 537 750—757
453 503 494 520 =
506 483 749 538 758—765·

218 550 413 604 766-77
425 564 439 591 1
454 559 748 605 =772-777·

218 618 495 672 778-784=
507 619 705 674 785—79
717 632 728 658 1
740 649 748 658 .

217 696 239 738 7
247 698 414 742 20—79
423 699 439 727 1
449 687 615 728 ,Versus
629 687 671 728 in
686 686 789 728 Ald.
802 686 859 728 sic
871 685 992 728 divisi
1004 685 1237 739 πέφρικα-
1252 685 1257 738 Ι
1273 686 1318 727 οὐ
1331 687 1465 739 γᾰρ-
1480 691 1485 737 Ι
1502 702 1626 727 nava-

156 756 323 805 ληθῆ-
347 753 356 811 Ι
383 754 579 807 ε’ρινὺν-
604 754 611 810 Ι
638 755 871 809 κατάρας-
894 754 903 810 Ι
927 752 1173 806 παιδολέτωρ
1183 779 1239 785 --
1265 753 1272 810 Ι
1298 753 1498 805 ξένους-
1523 753 1530 810 Ι
1555 753 1627 808 Χά-

157 825 284 873 λυβος
302 846 360 852 -
384 821 392 871 Ι
416 824 728 877 χρηματοδαίτας
746 848 806 854 —
830 821 837 879 Ι
862 825 1059 877 χθόνα-
1086 821 1092 879 Ι
1119 822 1250 864 καὶ-
1281 820 1288 879 Ι
1313 825 1460 863 τῶν-
1484 822 1492 875 Ι
1519 823 1624 864 ἐπει-

157 890 293 930 δᾶν-
318 889 326 946 Ι
351 888 563 931 θάνωσι-
589 889 595 947 Ι
621 892 942 945 μελαμπαγὲς-
966 893 972 947 Ι
999 891 1286 944 καθαρμοὺς-
1310 890 1317 944 Ι
1344 889 1374 931 ὦ
1394 891 1569 932 πόνοι-
1593 889 1601 947 Ι

156 960 357 1011 ξυμμιγεῖς
373 983 431 989 -
457 957 463 1015 Ι
490 960 838 1012 παραιβασίαν-
863 959 871 1015 Ι
897 961 1093 1000 αἶῶνα-
1118 957 1124 1015 Ι
1149 957 1410 1002 ’Λπόλλωνος
1429 983 1488 990 --·
1513 958 1519 1014 Ι
1545 959 1628 1012 τρὶς

155 1049 214 1056 —
238 1024 245 1081 Ι
272 1029 516 1069 Πυθικοῖς-
542 1026 548 1082 Ι
574 1025 775 1080 γέννας-
803 1026 808 1083 Ι
835 1028 1053 1080 γείνατο-
1079 1026 1086 1081 Ι
1111 1028 1439 1080 πατροκτόνον-
1463 1026 1470 1083 Ι
1497 1028 1627 1080 ἁγνὰν

156 1118 213 1124 —-
238 1094 245 1150 Ι
270 1094 439 1147 ῥίζαν-
463 1093 470 1150 Ι
498 1095 744 1147 νυμφίους-
770 1094 777 1151 Ι
804 1099 991 1136 κακῶν-
1016 1093 1022 1150 Ι
1048 1094 1093 1135 τὸ
1116 1095 1254 1146 μὲν-
1280 1093 1286 1151 Ι
1313 1095 1568 1149 τρίχαλον-
1594 1094 1600 1152 Ι

157 1162 368 1205 πόλεως-
393 1161 399 1219 Ι
426 1161 472 1204 δι’
497 1164 693 1217 ὀλίγου-
718 1162 724 1220 Ι
752 1162 964 1204 δέδοικα-
989 1162 997 1218 Ι
1021 1162 1230 1204 τέλειαι-
1255 1162 1262 1217 Ι
1286 1167 1507 1216 βαρεῖαι-
1532 1163 1539 1220 Ι
1564 1181 1627 1205 τε-

158 1229 353 1282 λόμεν’--
378 1229 384 1287 Ι
410 1231 725 1284 πρόπρυμναν-
749 1230 755 1287 Ι
782 1232 998 1283 ἆνδρῶν-
1023 1229 1030 1282 Ι
1056 1229 1187 1272 τίν’-
1211 1229 1219 1286 Ι
1246 1231 1390 1272 θεοὶ-
1415 1232 1422 1286 Ι
1447 1233 1626 1283 πολύβο-

156 1314 282 1340 τος-
306 1297 312 1354 Ι
339 1299 496 1340 ὅσον-
520 1298 528 1355 Ι
556 1298 695 1353 κῆρ’-
719 1298 726 1355 Ι
753 1299 895 1340 ἐπεὶ-
921 1297 928 1354 Ι
954 1298 1155 1351 γάμων-
1178 1298 1187 1354 Ι
1211 1299 1493 1351 μαινομένη-
1519 1298 1527 1356 Ι
1551 1316 1625 1341 πα-

157 1367 403 1422 τροφόνῳ-
429 1367 436 1423 Ι
463 1366 494 1408 δ’
526 1366 656 1409 ἆπ’-
681 1368 687 1425 Ι
715 1369 927 1421 ἐφῆκεν-
953 1365 959 1423 Ι
986 1368 1053 1408 καί
1081 1372 1229 1420 σφε-
1254 1366 1261 1424 Ι
1288 1367 1529 1419 κτήματα-
1554 1367 1561 1424 Ι
1588 1370 1624 1410 ε’-

155 1436 298 1486 ριννύς.

217 1516 316 1556 720.
336 1504 492 1545 Versus
513 1503 683 1545 Ionicus
703 1503 914 1560 praemissa
932 1502 1135 1545 anacrusi.

215 1571 467 1626 ὠλεσίοικον]
492 1572 719 1613 ὀλεσίοικον
737 1587 832 1627 pars
852 1572 1041 1614 codicum
1062 1581 1105 1614 et
1125 1572 1229 1614 Ald.
1254 1573 1364 1614 Rob.

216 1651 312 1693 721.
336 1640 446 1695 θεὸν]
473 1642 568 1682 θεὰν
587 1639 745 1696 aliquot
764 1640 939 1682 codices.
1000 1642 1102 1682 Post
1122 1642 1263 1693 ὁμοίαν
1282 1641 1325 1682 in
1348 1641 1450 1683 Ald.
1471 1641 1625 1698 legitur

159 1708 212 1749 οὔ
225 1709 302 1761 γὰρ
323 1709 469 1761 νύκτωρ
490 1709 780 1762 παρελεύσατο,
804 1709 866 1750 καὶ
886 1708 1045 1763 γέγονε.
1067 1718 1108 1750 et
1129 1709 1185 1750 sic
1207 1709 1319 1750 Rob.
1339 1725 1522 1766 quoque,
1545 1710 1624 1752 nisi

160 1775 273 1831 quod
296 1776 322 1817 ἃ
342 1776 643 1830 γὰρ-γέγωνε,
665 1785 705 1817 et
728 1778 867 1818 Turn.
884 1776 957 1832 qui
979 1777 1004 1818 ἃ
1024 1778 1100 1830 γὰρ
1121 1778 1268 1831 νύκτωρ
1287 1779 1623 1831 παρεκελεύσατο,

160 1845 223 1885 καὶ
261 1843 419 1897 γέγονε.
478 1844 639 1885 Eadem
672 1844 799 1886 verba
833 1844 1055 1886 duodecim
1090 1845 1307 1886 minimum
1339 1845 1382 1886 in
1413 1846 1626 1888 codicibus

159 1911 371 1967 leguntur.
431 1913 510 1953 Est
530 1911 710 1953 scholion
731 1913 783 1954 ad
805 1916 1014 1964 παναληθῆ
1033 1912 1305 1970 adscriptum.

221 1990 317 2034 723.
336 1978 497 2032 Ἐρινὺν
518 1981 582 2021 Μ.
606 1981 686 2021 Ar.
710 1980 813 2022 Ald.
843 1980 1028 2033 Ἐριννὺν
1048 1980 1190 2038 vulgo.

216 2045 383 2099 Ἐρινὺς,
405 2046 556 2088 Furia.
587 2047 614 2089 i.
630 2063 665 2090 e.
690 2049 779 2102 ἆρὰ,
802 2064 873 2089 seu
894 2048 1035 2105 potius
1055 2049 1134 2090 dea
1153 2065 1250 2105 quae
1272 2053 1368 2103 ἆρᾶς
1388 2050 1441 2092 ad
1463 2052 1623 2093 exitum

161 2114 428 2171 perducebat.
451 2116 630 2157 Eumen.
647 2130 745 2173 419.
766 2116 907 2169 Ἡμεῖς
918 2116 993 2169 μέν
1009 2119 1133 2170 ἐσμεν
1153 2118 1308 2161 Νυκτὸς
1330 2121 1468 2171 αἰανῆς
1486 2119 1622 2162 τέκνα·

159 2180 271 2236 Ἀραὶ
299 2181 330 2224 δ’
354 2184 397 2224 ἐν
417 2185 536 2228 οἴκοις
561 2187 632 2238 γῆς
657 2186 752 2226 ὕπαι
778 2184 1011 2238 κεκλήμεθα.
1042 2201 1139 2242 quae
1158 2186 1301 2228 citavit
1322 2188 1549 2230 Elmsleius
1568 2189 1624 2231 ad

162 2251 353 2306 Sophocl.
384 2252 489 2294 OEd.
522 2253 628 2309 Tyr.
651 2255 749 2307 418.
782 2255 985 2297 δεινόπους
1017 2253 1131 2308 Ἀρά.
1170 2257 1307 2312 Supra
1335 2269 1401 2311 70.
1439 2256 1539 2311 Ἀρά
1574 2257 1621 2306 τ’,

157 2317 313 2372 Ἐρινὺς
331 2320 477 2373 πατρὸς
498 2322 520 2372 ἡ
538 2321 801 2375 μεγασθενής.
840 2322 960 2363 Infra
981 2335 1080 2378 791.
1110 2324 1266 2376 Ἐρινὺς
1285 2324 1438 2366 dicitur
1458 2325 1623 2368 τελέσαι

160 2385 267 2438 ἀράς.
299 2387 366 2428 Cf.
390 2388 487 2440 884.
512 2401 609 2444 943.
640 2390 875 2431 BLOMF.

217 2464 313 2510 725.
347 2458 641 2509 βλαψιφρόνως
670 2459 880 2513 Οἰδιπόδα]
918 2459 1161 2514 Legebatur
1188 2462 1477 2513 βλαψίφρονος
1507 2464 1619 2503 Οἰδι-

157 2523 271 2564 πόδα.
334 2523 606 2564 Scribendum
628 2525 820 2566 Οἰδιπόδα
838 2527 1127 2579 βλαψίφρονος
1146 2542 1240 2567 cum
1266 2527 1525 2569 Blomfieldo.

216 2594 313 2643 726.
344 2589 391 2641 δ’,
417 2591 612 2633 omissum
643 2591 684 2633 in
705 2591 810 2634 Ald.
831 2593 941 2634 Rob.
966 2595 1119 2641 Turn„
1144 2594 1307 2636 addidit
1339 2595 1482 2651 Steph.
1504 2596 1618 2638 vide-

159 2667 311 2714 turque
349 2658 391 2699 in
425 2660 491 2700 M.
530 2658 702 2716 aliisque
742 2659 953 2702 codicibus
991 2660 1087 2717 legi,
1129 2661 1161 2702 si
1201 2661 1304 2717 quid
1342 2662 1504 2703 silentio
1543 2663 1616 2704 tri-

156 2723 382 2766 buendum.

215 2791 313 2848 ἔρις]
337 2793 489 2845 ἐριννὺς
508 2808 594 2835 var.
615 2793 735 2836 lectio
755 2795 797 2836 in
816 2795 867 2836 B.

213 2859 291 2913 ἅδ’]
314 2858 396 2901 τάδ’
420 2860 563 2916 Steph.

213 2927 308 2981 728.
342 2928 455 2979 ξένος
482 2929 524 2969 δὲ
548 2928 735 2982 κλήρους]
761 2930 996 2971 Paucorum
1020 2929 1218 2973 librorum
1242 2931 1340 2973 vitia
1360 2940 1458 2974 sunt
1477 2933 1614 2985 ξένους

153 2996 196 3036 δὲ
216 2994 385 3048 κλήροις,
407 2994 518 3047 ξένος
537 2997 579 3038 δὲ
602 2995 769 3050 κλήροις,
793 2995 908 3048 ξένος
927 2999 970 3039 δὲ
992 2999 1146 3051 κλῆρος.

857 3081 878 3107 c
901 3082 922 3106 c
