<?xml version="1.0" encoding="UTF-8"?>
<!DOCTYPE html PUBLIC "-//W3C//DTD XHTML 1.0 Transitional//EN"
    "http://www.w3.org/TR/xhtml1/DTD/xhtml1-transitional.dtd">
<html xmlns="http://www.w3.org/1999/xhtml" xml:lang="en" lang="en">
 <head>
  <title>
</title>
<meta http-equiv="Content-Type" content="text/html;charset=utf-8" />
  <meta name='ocr-system' content='tesseract 3.04.00' />
  <meta name='ocr-capabilities' content='ocr_page ocr_carea ocr_par ocr_line ocrx_word'/>
</head>
<body>
  <div class='ocr_page' id='page_1' title='image "./tragoediaesupers02aescuoft_0172.png"; bbox 0 0 1898 3256; ppageno 0'>
   <div class='ocr_carea' id='block_1_1' title="bbox 323 230 1283 278">
    <p class='ocr_par' dir='ltr' id='par_1_1' title="bbox 323 230 1283 278">
     <span class='ocr_line' id='line_1_1' title="bbox 323 230 1283 278; baseline 0.006 -6"><span class='ocrx_word' id='word_1_1' title='bbox 323 230 406 274; x_wconf 89' lang='grc'>168</span> <span class='ocrx_word' id='word_1_2' title='bbox 791 237 1283 278; x_wconf 87' lang='lat' dir='ltr'>ANNOTATIONES</span> 
     </span>
    </p>
   </div>
   <div class='ocr_carea' id='block_1_2' title="bbox 312 343 1756 2985">
    <p class='ocr_par' dir='ltr' id='par_1_2' title="bbox 375 343 1255 402">
     <span class='ocr_line' id='line_1_2' title="bbox 375 343 1255 402; baseline 0.005 -18"><span class='ocrx_word' id='word_1_3' title='bbox 375 354 474 398; x_wconf 84' lang='lat'>372.</span> <span class='ocrx_word' id='word_1_4' title='bbox 495 343 623 399; x_wconf 83' lang='grc' dir='ltr'>τόκος]</span> <span class='ocrx_word' id='word_1_5' title='bbox 647 344 756 389; x_wconf 83' lang='grc' dir='ltr'>τέκος</span> <span class='ocrx_word' id='word_1_6' title='bbox 774 346 893 388; x_wconf 87' lang='lat' dir='ltr'><strong>codd.</strong></span> <span class='ocrx_word' id='word_1_7' title='bbox 912 346 1068 402; x_wconf 82' lang='lat' dir='ltr'>aliquot</span> <span class='ocrx_word' id='word_1_8' title='bbox 1088 357 1128 388; x_wconf 88' lang='lat' dir='ltr'>et</span> <span class='ocrx_word' id='word_1_9' title='bbox 1148 347 1255 388; x_wconf 87' lang='lat' dir='ltr'>Rob.</span> 
     </span>
    </p>

    <p class='ocr_par' dir='ltr' id='par_1_3' title="bbox 318 411 1755 728">
     <span class='ocr_line' id='line_1_3' title="bbox 375 411 1752 468; baseline 0.004 -18"><span class='ocrx_word' id='word_1_10' title='bbox 375 419 473 463; x_wconf 83' lang='lat'>373.</span> <span class='ocrx_word' id='word_1_11' title='bbox 507 411 562 452; x_wconf 83' lang='grc' dir='ltr'>εἷς</span> <span class='ocrx_word' id='word_1_12' title='bbox 582 411 802 453; x_wconf 89' lang='lat' dir='ltr'>Porsonus.</span> <span class='ocrx_word' id='word_1_13' title='bbox 836 413 891 455; x_wconf 76' lang='grc' dir='ltr'>εἷς</span> <span class='ocrx_word' id='word_1_14' title='bbox 910 412 1009 454; x_wconf 90' lang='lat' dir='ltr'>Ald.</span> <span class='ocrx_word' id='word_1_15' title='bbox 1032 414 1141 456; x_wconf 89' lang='lat' dir='ltr'>Rob.</span> <span class='ocrx_word' id='word_1_16' title='bbox 1175 413 1247 455; x_wconf 83' lang='grc' dir='ltr'>εῖσ’</span> <span class='ocrx_word' id='word_1_17' title='bbox 1268 413 1361 454; x_wconf 81' lang='lat' dir='ltr'>libri</span> <span class='ocrx_word' id='word_1_18' title='bbox 1380 412 1538 468; x_wconf 81' lang='lat' dir='ltr'><strong>reliqui.</strong></span> <span class='ocrx_word' id='word_1_19' title='bbox 1570 418 1599 439; x_wconf 91' lang='lat'><strong>“</strong></span> <span class='ocrx_word' id='word_1_20' title='bbox 1618 415 1752 465; x_wconf 89' lang='lat' dir='ltr'>Verte,</span> 
     </span>
     <span class='ocr_line' id='line_1_4' title="bbox 323 476 1752 536; baseline 0.004 -21"><span class='ocrx_word' id='word_1_21' title='bbox 323 477 434 523; x_wconf 80' lang='lat' dir='ltr'>Quin</span> <span class='ocrx_word' id='word_1_22' title='bbox 463 476 528 517; x_wconf 72' lang='lat' dir='ltr'>hic</span> <span class='ocrx_word' id='word_1_23' title='bbox 549 478 696 533; x_wconf 70' lang='lat' dir='ltr'>OEdipi</span> <span class='ocrx_word' id='word_1_24' title='bbox 709 480 837 533; x_wconf 78' lang='lat' dir='ltr'>filius</span> <span class='ocrx_word' id='word_1_25' title='bbox 859 487 1167 536; x_wconf 75' lang='lat' dir='ltr'><em>peropportune</em></span> <span class='ocrx_word' id='word_1_26' title='bbox 1185 481 1347 536; x_wconf 79' lang='lat' dir='ltr'>quidem</span> <span class='ocrx_word' id='word_1_27' title='bbox 1369 480 1484 520; x_wconf 72' lang='lat' dir='ltr'>adest</span> <span class='ocrx_word' id='word_1_28' title='bbox 1506 481 1562 521; x_wconf 81' lang='lat' dir='ltr'>ad</span> <span class='ocrx_word' id='word_1_29' title='bbox 1579 482 1752 522; x_wconf 71' lang='lat' dir='ltr'>audien-</span> 
     </span>
     <span class='ocr_line' id='line_1_5' title="bbox 318 542 1754 600; baseline 0.005 -18"><span class='ocrx_word' id='word_1_30' title='bbox 318 542 418 583; x_wconf 80' lang='lat' dir='ltr'>dum</span> <span class='ocrx_word' id='word_1_31' title='bbox 437 545 582 584; x_wconf 73' lang='lat' dir='ltr'>nuncii</span> <span class='ocrx_word' id='word_1_32' title='bbox 601 559 838 586; x_wconf 72' lang='lat' dir='ltr'>sermonem.</span> <span class='ocrx_word' id='word_1_33' title='bbox 900 547 951 587; x_wconf 91' lang='lat' dir='ltr'>In</span> <span class='ocrx_word' id='word_1_34' title='bbox 976 562 1015 587; x_wconf 75' lang='lat' dir='ltr'>v,</span> <span class='ocrx_word' id='word_1_35' title='bbox 1037 557 1135 600; x_wconf 78' lang='lat'><strong><em>372.</em></strong></span> <span class='ocrx_word' id='word_1_36' title='bbox 1157 546 1332 588; x_wconf 90' lang='lat' dir='ltr'>subaudi</span> <span class='ocrx_word' id='word_1_37' title='bbox 1360 546 1455 597; x_wconf 86' lang='grc' dir='ltr'>ἥκει.</span> <span class='ocrx_word' id='word_1_38' title='bbox 1517 546 1666 588; x_wconf 88' lang='lat' dir='ltr'>Similis</span> <span class='ocrx_word' id='word_1_39' title='bbox 1694 559 1754 589; x_wconf 87' lang='lat' dir='ltr'>est</span> 
     </span>
     <span class='ocr_line' id='line_1_6' title="bbox 319 607 1755 667; baseline 0.004 -19"><span class='ocrx_word' id='word_1_40' title='bbox 319 607 469 664; x_wconf 88' lang='lat' dir='ltr'>ellipsis</span> <span class='ocrx_word' id='word_1_41' title='bbox 487 609 528 650; x_wconf 93' lang='lat' dir='ltr'>in</span> <span class='ocrx_word' id='word_1_42' title='bbox 552 610 742 666; x_wconf 86' lang='lat' dir='ltr'>Sophocl.</span> <span class='ocrx_word' id='word_1_43' title='bbox 764 612 909 667; x_wconf 82' lang='lat' dir='ltr'>Antig.</span> <span class='ocrx_word' id='word_1_44' title='bbox 931 614 1026 654; x_wconf 85' lang='lat'><strong>626.</strong></span> <span class='ocrx_word' id='word_1_45' title='bbox 1041 611 1142 654; x_wconf 68' lang='grc' dir='ltr'>’Ὀδε</span> <span class='ocrx_word' id='word_1_46' title='bbox 1159 612 1236 664; x_wconf 79' lang='grc' dir='ltr'>μὴν</span> <span class='ocrx_word' id='word_1_47' title='bbox 1256 614 1402 664; x_wconf 82' lang='grc' dir='ltr'>Αἵμων,</span> <span class='ocrx_word' id='word_1_48' title='bbox 1419 614 1567 654; x_wconf 81' lang='grc' dir='ltr'>παίδων</span> <span class='ocrx_word' id='word_1_49' title='bbox 1584 617 1659 654; x_wconf 84' lang='grc' dir='ltr'>τῶν</span> <span class='ocrx_word' id='word_1_50' title='bbox 1674 618 1755 655; x_wconf 86' lang='grc' dir='ltr'>σῶν</span> 
     </span>
     <span class='ocr_line' id='line_1_7' title="bbox 320 676 952 728; baseline 0.006 -13"><span class='ocrx_word' id='word_1_51' title='bbox 320 676 477 717; x_wconf 86' lang='grc' dir='ltr'>Νέατον</span> <span class='ocrx_word' id='word_1_52' title='bbox 495 676 689 728; x_wconf 79' lang='grc' dir='ltr'>γέννημ’.”</span> <span class='ocrx_word' id='word_1_53' title='bbox 723 678 952 719; x_wconf 90' lang='lat' dir='ltr'><strong>BLOMF.</strong></span> 
     </span>
    </p>

    <p class='ocr_par' dir='ltr' id='par_1_4' title="bbox 318 743 1756 1989">
     <span class='ocr_line' id='line_1_8' title="bbox 376 743 1755 799; baseline 0.004 -18"><span class='ocrx_word' id='word_1_54' title='bbox 376 751 472 796; x_wconf 82' lang='lat'><strong>374.</strong></span> <span class='ocrx_word' id='word_1_55' title='bbox 493 743 641 794; x_wconf 80' lang='grc' dir='ltr'>σπουδὴ</span> <span class='ocrx_word' id='word_1_56' title='bbox 661 745 703 784; x_wconf 80' lang='grc' dir='ltr'>δὲ</span> <span class='ocrx_word' id='word_1_57' title='bbox 725 744 786 785; x_wconf 89' lang='grc' dir='ltr'>καὶ</span> <span class='ocrx_word' id='word_1_58' title='bbox 806 745 909 785; x_wconf 82' lang='grc' dir='ltr'>τοῦδ’</span> <span class='ocrx_word' id='word_1_59' title='bbox 931 745 999 785; x_wconf 81' lang='grc' dir='ltr'>οὐκ</span> <span class='ocrx_word' id='word_1_60' title='bbox 1026 745 1221 797; x_wconf 85' lang='grc' dir='ltr'>ἀπαρτίζει</span> <span class='ocrx_word' id='word_1_61' title='bbox 1249 743 1386 799; x_wconf 91' lang='grc' dir='ltr'>πόδα.]</span> <span class='ocrx_word' id='word_1_62' title='bbox 1420 745 1612 786; x_wconf 88' lang='lat' dir='ltr'>Pauwius</span> <span class='ocrx_word' id='word_1_63' title='bbox 1633 746 1755 787; x_wconf 89' lang='lat' dir='ltr'>verba</span> 
     </span>
     <span class='ocr_line' id='line_1_9' title="bbox 319 807 1755 867; baseline 0.003 -20"><span class='ocrx_word' id='word_1_64' title='bbox 319 807 387 848; x_wconf 84' lang='grc' dir='ltr'>οὐκ</span> <span class='ocrx_word' id='word_1_65' title='bbox 407 809 604 860; x_wconf 81' lang='grc' dir='ltr'>ἀπαρτίζει</span> <span class='ocrx_word' id='word_1_66' title='bbox 620 808 720 850; x_wconf 87' lang='grc' dir='ltr'>πόδα</span> <span class='ocrx_word' id='word_1_67' title='bbox 740 809 794 850; x_wconf 91' lang='lat' dir='ltr'>sic</span> <span class='ocrx_word' id='word_1_68' title='bbox 817 810 1108 866; x_wconf 87' lang='lat' dir='ltr'>interpretatur</span> <span class='ocrx_word' id='word_1_69' title='bbox 1125 827 1134 852; x_wconf 91' lang='lat'>:</span> <span class='ocrx_word' id='word_1_70' title='bbox 1147 812 1282 866; x_wconf 71' lang='lat' dir='ltr'>fizcit,</span> <span class='ocrx_word' id='word_1_71' title='bbox 1304 817 1352 852; x_wconf 80' lang='lat' dir='ltr'>ut</span> <span class='ocrx_word' id='word_1_72' title='bbox 1373 825 1449 867; x_wconf 80' lang='lat' dir='ltr'>pes</span> <span class='ocrx_word' id='word_1_73' title='bbox 1478 812 1560 852; x_wconf 73' lang='lat' dir='ltr'>sihi</span> <span class='ocrx_word' id='word_1_74' title='bbox 1589 826 1671 852; x_wconf 79' lang='lat' dir='ltr'>non</span> <span class='ocrx_word' id='word_1_75' title='bbox 1699 815 1755 853; x_wconf 71' lang='lat' dir='ltr'>sit</span> 
     </span>
     <span class='ocr_line' id='line_1_10' title="bbox 320 873 1754 932; baseline 0.004 -19"><span class='ocrx_word' id='word_1_76' title='bbox 320 873 511 928; x_wconf 64' lang='lat' dir='ltr'>aequalis:</span> <span class='ocrx_word' id='word_1_77' title='bbox 542 875 638 929; x_wconf 88' lang='lat' dir='ltr'>quia</span> <span class='ocrx_word' id='word_1_78' title='bbox 657 874 697 915; x_wconf 92' lang='lat' dir='ltr'>in</span> <span class='ocrx_word' id='word_1_79' title='bbox 717 875 973 916; x_wconf 85' lang='lat' dir='ltr'>festinatione</span> <span class='ocrx_word' id='word_1_80' title='bbox 1001 891 1164 931; x_wconf 84' lang='lat' dir='ltr'>gressus</span> <span class='ocrx_word' id='word_1_81' title='bbox 1192 892 1309 932; x_wconf 83' lang='lat' dir='ltr'>pares</span> <span class='ocrx_word' id='word_1_82' title='bbox 1334 892 1413 918; x_wconf 88' lang='lat' dir='ltr'>non</span> <span class='ocrx_word' id='word_1_83' title='bbox 1436 877 1525 918; x_wconf 85' lang='lat' dir='ltr'>sint.</span> <span class='ocrx_word' id='word_1_84' title='bbox 1585 879 1647 920; x_wconf 92' lang='lat' dir='ltr'>At</span> <span class='ocrx_word' id='word_1_85' title='bbox 1667 878 1754 919; x_wconf 84' lang='lat' dir='ltr'>haec</span> 
     </span>
     <span class='ocr_line' id='line_1_11' title="bbox 318 938 1753 998; baseline 0.006 -20"><span class='ocrx_word' id='word_1_86' title='bbox 318 938 598 994; x_wconf 82' lang='lat' dir='ltr'>interpretatio</span> <span class='ocrx_word' id='word_1_87' title='bbox 618 955 698 981; x_wconf 90' lang='lat' dir='ltr'>non</span> <span class='ocrx_word' id='word_1_88' title='bbox 721 956 803 982; x_wconf 91' lang='lat' dir='ltr'>uno</span> <span class='ocrx_word' id='word_1_89' title='bbox 820 941 1077 983; x_wconf 90' lang='lat' dir='ltr'>incommodo</span> <span class='ocrx_word' id='word_1_90' title='bbox 1096 943 1308 998; x_wconf 88' lang='lat' dir='ltr'>premitur.</span> <span class='ocrx_word' id='word_1_91' title='bbox 1368 943 1598 985; x_wconf 83' lang='lat' dir='ltr'>Stanleiana</span> <span class='ocrx_word' id='word_1_92' title='bbox 1617 953 1753 986; x_wconf 91' lang='lat' dir='ltr'>autem</span> 
     </span>
     <span class='ocr_line' id='line_1_12' title="bbox 319 1005 1754 1066; baseline 0.004 -20"><span class='ocrx_word' id='word_1_93' title='bbox 319 1005 471 1046; x_wconf 85' lang='lat' dir='ltr'>versio:</span> <span class='ocrx_word' id='word_1_94' title='bbox 504 1007 737 1049; x_wconf 75' lang='lat' dir='ltr'>Festinatio</span> <span class='ocrx_word' id='word_1_95' title='bbox 757 1022 853 1049; x_wconf 83' lang='lat' dir='ltr'>vero</span> <span class='ocrx_word' id='word_1_96' title='bbox 873 1009 962 1063; x_wconf 56' lang='lat' dir='ltr'>{jus</span> <span class='ocrx_word' id='word_1_97' title='bbox 980 1022 1062 1048; x_wconf 79' lang='lat' dir='ltr'>‘non</span> <span class='ocrx_word' id='word_1_98' title='bbox 1078 1015 1266 1050; x_wconf 78' lang='lat' dir='ltr'>moratur</span> <span class='ocrx_word' id='word_1_99' title='bbox 1283 1012 1487 1065; x_wconf 82' lang='lat' dir='ltr'>gradum,</span> <span class='ocrx_word' id='word_1_100' title='bbox 1506 1011 1713 1066; x_wconf 91' lang='lat' dir='ltr'>quomodo</span> <span class='ocrx_word' id='word_1_101' title='bbox 1732 1027 1754 1052; x_wconf 92' lang='lat' dir='ltr'>e</span> 
     </span>
     <span class='ocr_line' id='line_1_13' title="bbox 321 1071 1751 1132; baseline 0.004 -20"><span class='ocrx_word' id='word_1_102' title='bbox 321 1071 478 1113; x_wconf 87' lang='lat' dir='ltr'>Graecis</span> <span class='ocrx_word' id='word_1_103' title='bbox 496 1072 598 1114; x_wconf 87' lang='lat' dir='ltr'>effici</span> <span class='ocrx_word' id='word_1_104' title='bbox 618 1074 756 1130; x_wconf 82' lang='lat' dir='ltr'>possit,</span> <span class='ocrx_word' id='word_1_105' title='bbox 778 1089 857 1115; x_wconf 92' lang='lat' dir='ltr'>non</span> <span class='ocrx_word' id='word_1_106' title='bbox 878 1074 1073 1130; x_wconf 87' lang='lat' dir='ltr'>intelligo.</span> <span class='ocrx_word' id='word_1_107' title='bbox 1121 1074 1327 1116; x_wconf 87' lang='lat' dir='ltr'>Sallierius</span> <span class='ocrx_word' id='word_1_108' title='bbox 1349 1075 1419 1128; x_wconf 89' lang='lat' dir='ltr'>(ad</span> <span class='ocrx_word' id='word_1_109' title='bbox 1442 1076 1596 1116; x_wconf 88' lang='lat' dir='ltr'>Moerin</span> <span class='ocrx_word' id='word_1_110' title='bbox 1620 1091 1661 1132; x_wconf 89' lang='lat' dir='ltr'>p.</span> <span class='ocrx_word' id='word_1_111' title='bbox 1685 1077 1751 1118; x_wconf 80' lang='lat'>82.</span> 
     </span>
     <span class='ocr_line' id='line_1_14' title="bbox 319 1138 1755 1197; baseline 0.003 -18"><span class='ocrx_word' id='word_1_112' title='bbox 319 1138 382 1180; x_wconf 89' lang='lat' dir='ltr'>ed.</span> <span class='ocrx_word' id='word_1_113' title='bbox 411 1139 616 1193; x_wconf 87' lang='lat' dir='ltr'>Pierson.)</span> <span class='ocrx_word' id='word_1_114' title='bbox 648 1140 789 1181; x_wconf 90' lang='lat' dir='ltr'>vertit:</span> <span class='ocrx_word' id='word_1_115' title='bbox 821 1141 906 1182; x_wconf 80' lang='lat' dir='ltr'>Sed</span> <span class='ocrx_word' id='word_1_116' title='bbox 937 1141 1050 1181; x_wconf 72' lang='lat' dir='ltr'>illius</span> <span class='ocrx_word' id='word_1_117' title='bbox 1061 1141 1290 1195; x_wconf 62' lang='lat' dir='ltr'>festinatio</span> <span class='ocrx_word' id='word_1_118' title='bbox 1324 1155 1406 1181; x_wconf 76' lang='lat' dir='ltr'>non</span> <span class='ocrx_word' id='word_1_119' title='bbox 1436 1141 1540 1182; x_wconf 75' lang='lat' dir='ltr'>sinit</span> <span class='ocrx_word' id='word_1_120' title='bbox 1563 1142 1755 1197; x_wconf 82' lang='lat' dir='ltr'>gradum</span> 
     </span>
     <span class='ocr_line' id='line_1_15' title="bbox 318 1206 1755 1262; baseline 0.002 -16"><span class='ocrx_word' id='word_1_121' title='bbox 318 1206 552 1253; x_wconf 50' lang='lat' dir='ltr'>absolvam</span> <span class='ocrx_word' id='word_1_122' title='bbox 583 1222 678 1262; x_wconf 88' lang='lat' dir='ltr'>quae</span> <span class='ocrx_word' id='word_1_123' title='bbox 697 1206 863 1262; x_wconf 89' lang='lat' dir='ltr'>quidem</span> <span class='ocrx_word' id='word_1_124' title='bbox 884 1206 1026 1256; x_wconf 88' lang='lat' dir='ltr'>versio,</span> <span class='ocrx_word' id='word_1_125' title='bbox 1048 1221 1178 1262; x_wconf 91' lang='lat' dir='ltr'>quum</span> <span class='ocrx_word' id='word_1_126' title='bbox 1208 1221 1282 1262; x_wconf 90' lang='lat' dir='ltr'>per</span> <span class='ocrx_word' id='word_1_127' title='bbox 1306 1222 1347 1247; x_wconf 91' lang='lat' dir='ltr'>se</span> <span class='ocrx_word' id='word_1_128' title='bbox 1375 1222 1521 1262; x_wconf 90' lang='lat' dir='ltr'>parum</span> <span class='ocrx_word' id='word_1_129' title='bbox 1542 1208 1755 1249; x_wconf 84' lang='lat' dir='ltr'>commoda</span> 
     </span>
     <span class='ocr_line' id='line_1_16' title="bbox 319 1272 1753 1328; baseline 0.001 -16"><span class='ocrx_word' id='word_1_130' title='bbox 319 1283 394 1320; x_wconf 87' lang='lat' dir='ltr'>est,</span> <span class='ocrx_word' id='word_1_131' title='bbox 414 1282 501 1313; x_wconf 92' lang='lat' dir='ltr'>tum</span> <span class='ocrx_word' id='word_1_132' title='bbox 523 1272 723 1328; x_wconf 86' lang='lat' dir='ltr'>particula</span> <span class='ocrx_word' id='word_1_133' title='bbox 753 1274 826 1323; x_wconf 87' lang='grc' dir='ltr'>καὶ,</span> <span class='ocrx_word' id='word_1_134' title='bbox 848 1288 972 1328; x_wconf 90' lang='lat' dir='ltr'>quam</span> <span class='ocrx_word' id='word_1_135' title='bbox 1000 1272 1178 1328; x_wconf 88' lang='lat' dir='ltr'>neglexit</span> <span class='ocrx_word' id='word_1_136' title='bbox 1200 1272 1420 1323; x_wconf 85' lang='lat' dir='ltr'>Sallierius,</span> <span class='ocrx_word' id='word_1_137' title='bbox 1447 1274 1567 1328; x_wconf 88' lang='lat' dir='ltr'>plane</span> <span class='ocrx_word' id='word_1_138' title='bbox 1587 1274 1753 1314; x_wconf 89' lang='lat' dir='ltr'>convin-</span> 
     </span>
     <span class='ocr_line' id='line_1_17' title="bbox 318 1338 1753 1395; baseline 0 -15"><span class='ocrx_word' id='word_1_139' title='bbox 318 1338 436 1380; x_wconf 86' lang='lat' dir='ltr'>citur.</span> <span class='ocrx_word' id='word_1_140' title='bbox 496 1340 602 1380; x_wconf 87' lang='lat' dir='ltr'>Haec</span> <span class='ocrx_word' id='word_1_141' title='bbox 631 1338 736 1380; x_wconf 91' lang='lat' dir='ltr'>enim</span> <span class='ocrx_word' id='word_1_142' title='bbox 768 1338 967 1395; x_wconf 86' lang='lat' dir='ltr'>significat</span> <span class='ocrx_word' id='word_1_143' title='bbox 995 1339 1101 1379; x_wconf 90' lang='lat' dir='ltr'>idem</span> <span class='ocrx_word' id='word_1_144' title='bbox 1135 1339 1174 1379; x_wconf 89' lang='lat' dir='ltr'>h.</span> <span class='ocrx_word' id='word_1_145' title='bbox 1195 1338 1221 1380; x_wconf 92' lang='lat' dir='ltr'>l.</span> <span class='ocrx_word' id='word_1_146' title='bbox 1250 1339 1302 1380; x_wconf 92' lang='lat' dir='ltr'>de</span> <span class='ocrx_word' id='word_1_147' title='bbox 1329 1339 1497 1380; x_wconf 87' lang='lat' dir='ltr'>Eteocle</span> <span class='ocrx_word' id='word_1_148' title='bbox 1526 1339 1620 1391; x_wconf 88' lang='lat' dir='ltr'>dici,</span> <span class='ocrx_word' id='word_1_149' title='bbox 1641 1341 1753 1395; x_wconf 93' lang='lat' dir='ltr'>quod</span> 
     </span>
     <span class='ocr_line' id='line_1_18' title="bbox 318 1405 1754 1462; baseline 0 -16"><span class='ocrx_word' id='word_1_150' title='bbox 318 1405 421 1446; x_wconf 88' lang='lat' dir='ltr'>alter</span> <span class='ocrx_word' id='word_1_151' title='bbox 442 1406 699 1447; x_wconf 88' lang='lat' dir='ltr'>Semichorus</span> <span class='ocrx_word' id='word_1_152' title='bbox 718 1406 769 1446; x_wconf 86' lang='lat' dir='ltr'>de</span> <span class='ocrx_word' id='word_1_153' title='bbox 798 1406 943 1447; x_wconf 90' lang='lat' dir='ltr'>nuntio</span> <span class='ocrx_word' id='word_1_154' title='bbox 962 1405 1264 1462; x_wconf 76' lang='lat' dir='ltr'>praedicaverat.</span> <span class='ocrx_word' id='word_1_155' title='bbox 1324 1406 1484 1460; x_wconf 90' lang='lat' dir='ltr'>Nempe</span> <span class='ocrx_word' id='word_1_156' title='bbox 1513 1405 1614 1446; x_wconf 89' lang='lat' dir='ltr'>nihil</span> <span class='ocrx_word' id='word_1_157' title='bbox 1642 1406 1754 1447; x_wconf 87' lang='lat' dir='ltr'>aliud</span> 
     </span>
     <span class='ocr_line' id='line_1_19' title="bbox 320 1472 1755 1528; baseline 0.001 -16"><span class='ocrx_word' id='word_1_158' title='bbox 320 1486 460 1512; x_wconf 90' lang='lat' dir='ltr'>sensus</span> <span class='ocrx_word' id='word_1_159' title='bbox 479 1472 673 1528; x_wconf 88' lang='lat' dir='ltr'>postulat,</span> <span class='ocrx_word' id='word_1_160' title='bbox 694 1486 817 1527; x_wconf 88' lang='lat' dir='ltr'>quam</span> <span class='ocrx_word' id='word_1_161' title='bbox 839 1473 1048 1514; x_wconf 87' lang='lat' dir='ltr'>Eteoclem</span> <span class='ocrx_word' id='word_1_162' title='bbox 1069 1472 1203 1527; x_wconf 89' lang='lat' dir='ltr'>ipsum</span> <span class='ocrx_word' id='word_1_163' title='bbox 1225 1487 1390 1528; x_wconf 92' lang='lat' dir='ltr'>quoque</span> <span class='ocrx_word' id='word_1_164' title='bbox 1409 1472 1615 1514; x_wconf 85' lang='lat' dir='ltr'>festinare.</span> <span class='ocrx_word' id='word_1_165' title='bbox 1671 1474 1755 1514; x_wconf 88' lang='lat' dir='ltr'>Ita-</span> 
     </span>
     <span class='ocr_line' id='line_1_20' title="bbox 319 1533 1753 1593; baseline 0.001 -15"><span class='ocrx_word' id='word_1_166' title='bbox 319 1553 401 1593; x_wconf 89' lang='lat' dir='ltr'>que</span> <span class='ocrx_word' id='word_1_167' title='bbox 427 1538 527 1579; x_wconf 92' lang='lat' dir='ltr'>nihil</span> <span class='ocrx_word' id='word_1_168' title='bbox 555 1538 698 1579; x_wconf 90' lang='lat' dir='ltr'>melius</span> <span class='ocrx_word' id='word_1_169' title='bbox 725 1538 953 1579; x_wconf 86' lang='lat' dir='ltr'>Hermanni</span> <span class='ocrx_word' id='word_1_170' title='bbox 978 1538 1280 1580; x_wconf 86' lang='lat' dir='ltr'>emendatione:</span> <span class='ocrx_word' id='word_1_171' title='bbox 1312 1539 1461 1589; x_wconf 83' lang='grc' dir='ltr'>σπουδὴ</span> <span class='ocrx_word' id='word_1_172' title='bbox 1492 1541 1534 1580; x_wconf 83' lang='grc' dir='ltr'>δὲ</span> <span class='ocrx_word' id='word_1_173' title='bbox 1563 1539 1626 1580; x_wconf 85' lang='grc' dir='ltr'>καὶ</span> <span class='ocrx_word' id='word_1_174' title='bbox 1653 1533 1753 1580; x_wconf 83' lang='grc' dir='ltr'>τοῦδ’</span> 
     </span>
     <span class='ocr_line' id='line_1_21' title="bbox 320 1605 1753 1661; baseline 0 -15"><span class='ocrx_word' id='word_1_175' title='bbox 320 1606 365 1646; x_wconf 87' lang='grc' dir='ltr'>οὐ</span> <span class='ocrx_word' id='word_1_176' title='bbox 386 1607 600 1658; x_wconf 79' lang='grc' dir='ltr'>καταργίζει</span> <span class='ocrx_word' id='word_1_177' title='bbox 618 1607 730 1652; x_wconf 87' lang='grc' dir='ltr'>πόδα,</span> <span class='ocrx_word' id='word_1_178' title='bbox 753 1619 825 1646; x_wconf 79' lang='lat' dir='ltr'>nec</span> <span class='ocrx_word' id='word_1_179' title='bbox 851 1605 975 1659; x_wconf 68' lang='lat' dir='ltr'>hzy&#39;us</span> <span class='ocrx_word' id='word_1_180' title='bbox 998 1606 1159 1661; x_wconf 76' lang='lat' dir='ltr'>quidem</span> <span class='ocrx_word' id='word_1_181' title='bbox 1183 1606 1326 1661; x_wconf 85' lang='lat' dir='ltr'>pedem</span> <span class='ocrx_word' id='word_1_182' title='bbox 1338 1607 1635 1660; x_wconf 58' lang='lat' dir='ltr'>festinationis</span> <span class='ocrx_word' id='word_1_183' title='bbox 1663 1612 1753 1646; x_wconf 74' lang='lat' dir='ltr'>stu-</span> 
     </span>
     <span class='ocr_line' id='line_1_22' title="bbox 318 1671 1756 1728; baseline 0 -16"><span class='ocrx_word' id='word_1_184' title='bbox 318 1672 435 1713; x_wconf 75' lang='lat' dir='ltr'>dium</span> <span class='ocrx_word' id='word_1_185' title='bbox 464 1674 631 1713; x_wconf 78' lang='lat' dir='ltr'>tardum</span> <span class='ocrx_word' id='word_1_186' title='bbox 658 1686 743 1714; x_wconf 74' lang='lat' dir='ltr'>esse</span> <span class='ocrx_word' id='word_1_187' title='bbox 769 1673 884 1713; x_wconf 74' lang='lat' dir='ltr'>sinit.</span> <span class='ocrx_word' id='word_1_188' title='bbox 942 1673 1087 1727; x_wconf 92' lang='lat' dir='ltr'>Atque</span> <span class='ocrx_word' id='word_1_189' title='bbox 1119 1672 1173 1713; x_wconf 85' lang='lat' dir='ltr'>ad</span> <span class='ocrx_word' id='word_1_190' title='bbox 1197 1672 1302 1713; x_wconf 89' lang='lat' dir='ltr'>hanc</span> <span class='ocrx_word' id='word_1_191' title='bbox 1331 1671 1543 1713; x_wconf 90' lang='lat' dir='ltr'>lectionem</span> <span class='ocrx_word' id='word_1_192' title='bbox 1572 1673 1756 1728; x_wconf 85' lang='lat' dir='ltr'>proxime</span> 
     </span>
     <span class='ocr_line' id='line_1_23' title="bbox 319 1737 1754 1794; baseline 0.001 -15"><span class='ocrx_word' id='word_1_193' title='bbox 319 1738 475 1779; x_wconf 86' lang='lat' dir='ltr'>accedit</span> <span class='ocrx_word' id='word_1_194' title='bbox 496 1739 655 1790; x_wconf 86' lang='lat' dir='ltr'>Guelf.,</span> <span class='ocrx_word' id='word_1_195' title='bbox 679 1738 722 1779; x_wconf 91' lang='lat' dir='ltr'>in</span> <span class='ocrx_word' id='word_1_196' title='bbox 742 1754 826 1794; x_wconf 91' lang='lat' dir='ltr'>quo</span> <span class='ocrx_word' id='word_1_197' title='bbox 845 1738 1016 1794; x_wconf 84' lang='lat' dir='ltr'>legitur:</span> <span class='ocrx_word' id='word_1_198' title='bbox 1051 1738 1198 1789; x_wconf 82' lang='grc' dir='ltr'>σπουδὴ</span> <span class='ocrx_word' id='word_1_199' title='bbox 1219 1739 1260 1779; x_wconf 82' lang='grc' dir='ltr'>δὲ</span> <span class='ocrx_word' id='word_1_200' title='bbox 1281 1739 1343 1779; x_wconf 84' lang='grc' dir='ltr'>καὶ</span> <span class='ocrx_word' id='word_1_201' title='bbox 1362 1737 1461 1778; x_wconf 86' lang='grc' dir='ltr'>τοῦδ’</span> <span class='ocrx_word' id='word_1_202' title='bbox 1484 1739 1528 1779; x_wconf 86' lang='grc' dir='ltr'>οὐ</span> <span class='ocrx_word' id='word_1_203' title='bbox 1544 1740 1754 1791; x_wconf 81' lang='grc' dir='ltr'>καταρτίζει</span> 
     </span>
     <span class='ocr_line' id='line_1_24' title="bbox 319 1804 1756 1860; baseline 0 -14"><span class='ocrx_word' id='word_1_204' title='bbox 319 1806 444 1852; x_wconf 88' lang='grc' dir='ltr'>πόδα;</span> <span class='ocrx_word' id='word_1_205' title='bbox 476 1804 645 1860; x_wconf 84' lang='lat' dir='ltr'>vulgata</span> <span class='ocrx_word' id='word_1_206' title='bbox 663 1804 704 1845; x_wconf 90' lang='lat' dir='ltr'>in</span> <span class='ocrx_word' id='word_1_207' title='bbox 732 1804 914 1860; x_wconf 84' lang='lat' dir='ltr'>margine</span> <span class='ocrx_word' id='word_1_208' title='bbox 933 1813 1258 1845; x_wconf 88' lang='lat' dir='ltr'>commemorata.</span> <span class='ocrx_word' id='word_1_209' title='bbox 1290 1805 1419 1844; x_wconf 90' lang='lat' dir='ltr'><strong>SCH.</strong></span> <span class='ocrx_word' id='word_1_210' title='bbox 1470 1804 1514 1845; x_wconf 85' lang='grc' dir='ltr'>οὐ</span> <span class='ocrx_word' id='word_1_211' title='bbox 1545 1805 1756 1857; x_wconf 80' lang='grc' dir='ltr'>καταρτίζει</span> 
     </span>
     <span class='ocr_line' id='line_1_25' title="bbox 319 1870 1756 1926; baseline 0.001 -15"><span class='ocrx_word' id='word_1_212' title='bbox 319 1870 441 1911; x_wconf 86' lang='lat' dir='ltr'>etiam</span> <span class='ocrx_word' id='word_1_213' title='bbox 472 1872 603 1912; x_wconf 80' lang='lat' dir='ltr'>Taur.</span> <span class='ocrx_word' id='word_1_214' title='bbox 631 1885 724 1912; x_wconf 89' lang='lat' dir='ltr'>cum</span> <span class='ocrx_word' id='word_1_215' title='bbox 753 1870 807 1926; x_wconf 88' lang='lat' dir='ltr'>gl.</span> <span class='ocrx_word' id='word_1_216' title='bbox 837 1872 986 1913; x_wconf 83' lang='grc' dir='ltr'>εὐθετεῖ</span> <span class='ocrx_word' id='word_1_217' title='bbox 1009 1881 1050 1912; x_wconf 88' lang='lat' dir='ltr'>et</span> <span class='ocrx_word' id='word_1_218' title='bbox 1074 1886 1160 1912; x_wconf 87' lang='lat' dir='ltr'>var.</span> <span class='ocrx_word' id='word_1_219' title='bbox 1186 1870 1275 1912; x_wconf 82' lang='lat' dir='ltr'>leet.</span> <span class='ocrx_word' id='word_1_220' title='bbox 1307 1870 1375 1912; x_wconf 83' lang='grc' dir='ltr'>οὒκ</span> <span class='ocrx_word' id='word_1_221' title='bbox 1401 1871 1609 1923; x_wconf 79' lang='grc' dir='ltr'>ἀπαρτίζει,</span> <span class='ocrx_word' id='word_1_222' title='bbox 1635 1871 1756 1924; x_wconf 84' lang='grc' dir='ltr'>ἤγουν</span> 
     </span>
     <span class='ocr_line' id='line_1_26' title="bbox 320 1937 584 1989; baseline 0 -11"><span class='ocrx_word' id='word_1_223' title='bbox 320 1937 453 1989; x_wconf 82' lang='grc' dir='ltr'>ἄρτιον</span> <span class='ocrx_word' id='word_1_224' title='bbox 471 1941 584 1979; x_wconf 84' lang='grc' dir='ltr'>ποιεῖ.</span> 
     </span>
    </p>

    <p class='ocr_par' dir='ltr' id='par_1_5' title="bbox 375 2003 799 2058">
     <span class='ocr_line' id='line_1_27' title="bbox 375 2003 799 2058; baseline -0.002 -14"><span class='ocrx_word' id='word_1_225' title='bbox 375 2004 475 2058; x_wconf 87' lang='grc'><strong><em>376.</em></strong></span> <span class='ocrx_word' id='word_1_226' title='bbox 497 2003 567 2058; x_wconf 81' lang='grc' dir='ltr'>ὥς]</span> <span class='ocrx_word' id='word_1_227' title='bbox 590 2007 669 2046; x_wconf 84' lang='grc' dir='ltr'>πῶς</span> <span class='ocrx_word' id='word_1_228' title='bbox 689 2003 799 2044; x_wconf 91' lang='lat' dir='ltr'>Rob.</span> 
     </span>
    </p>

    <p class='ocr_par' dir='ltr' id='par_1_6' title="bbox 320 2067 1756 2191">
     <span class='ocr_line' id='line_1_28' title="bbox 376 2067 1756 2124; baseline 0 -14"><span class='ocrx_word' id='word_1_229' title='bbox 376 2069 525 2123; x_wconf 85' lang='grc' dir='ltr'>πάλον]</span> <span class='ocrx_word' id='word_1_230' title='bbox 550 2069 679 2110; x_wconf 88' lang='lat' dir='ltr'>Pauci</span> <span class='ocrx_word' id='word_1_231' title='bbox 698 2069 856 2110; x_wconf 90' lang='lat' dir='ltr'>codices</span> <span class='ocrx_word' id='word_1_232' title='bbox 875 2068 1003 2110; x_wconf 81' lang='grc' dir='ltr'>πάλου</span> <span class='ocrx_word' id='word_1_233' title='bbox 1023 2068 1086 2109; x_wconf 88' lang='lat' dir='ltr'>vel</span> <span class='ocrx_word' id='word_1_234' title='bbox 1106 2069 1218 2124; x_wconf 83' lang='grc' dir='ltr'>πάλῳ</span> <span class='ocrx_word' id='word_1_235' title='bbox 1239 2068 1317 2119; x_wconf 88' lang='lat' dir='ltr'>vel,</span> <span class='ocrx_word' id='word_1_236' title='bbox 1338 2067 1450 2124; x_wconf 91' lang='lat' dir='ltr'>quod</span> <span class='ocrx_word' id='word_1_237' title='bbox 1471 2067 1512 2108; x_wconf 93' lang='lat' dir='ltr'>in</span> <span class='ocrx_word' id='word_1_238' title='bbox 1530 2068 1633 2111; x_wconf 93' lang='lat' dir='ltr'>Ald.</span> <span class='ocrx_word' id='word_1_239' title='bbox 1654 2084 1756 2124; x_wconf 91' lang='lat' dir='ltr'>quo-</span> 
     </span>
     <span class='ocr_line' id='line_1_29' title="bbox 320 2138 668 2191; baseline 0.003 -15"><span class='ocrx_word' id='word_1_240' title='bbox 320 2150 401 2191; x_wconf 89' lang='lat' dir='ltr'>que</span> <span class='ocrx_word' id='word_1_241' title='bbox 420 2145 492 2183; x_wconf 82' lang='lat' dir='ltr'>est,</span> <span class='ocrx_word' id='word_1_242' title='bbox 514 2138 668 2187; x_wconf 86' lang='grc' dir='ltr'>κλῆρον.</span> 
     </span>
    </p>

    <p class='ocr_par' dir='ltr' id='par_1_7' title="bbox 312 2199 1754 2985">
     <span class='ocr_line' id='line_1_30' title="bbox 373 2199 1754 2257; baseline -0.001 -14"><span class='ocrx_word' id='word_1_243' title='bbox 373 2212 472 2256; x_wconf 89' lang='grc'><strong><em>377.</em></strong></span> <span class='ocrx_word' id='word_1_244' title='bbox 494 2201 728 2257; x_wconf 85' lang='lat' dir='ltr'>Euripides,</span> <span class='ocrx_word' id='word_1_245' title='bbox 750 2201 822 2257; x_wconf 91' lang='lat' dir='ltr'>qui</span> <span class='ocrx_word' id='word_1_246' title='bbox 841 2200 1088 2242; x_wconf 81' lang='lat' dir='ltr'>occasionem</span> <span class='ocrx_word' id='word_1_247' title='bbox 1111 2199 1299 2256; x_wconf 87' lang='lat' dir='ltr'>AEschyli</span> <span class='ocrx_word' id='word_1_248' title='bbox 1318 2199 1616 2256; x_wconf 87' lang='lat' dir='ltr'>perstringendi</span> <span class='ocrx_word' id='word_1_249' title='bbox 1635 2199 1754 2241; x_wconf 87' lang='lat' dir='ltr'>avide</span> 
     </span>
     <span class='ocr_line' id='line_1_31' title="bbox 318 2266 1751 2324; baseline -0.001 -15"><span class='ocrx_word' id='word_1_250' title='bbox 318 2268 549 2324; x_wconf 86' lang='lat' dir='ltr'>arripiebat,</span> <span class='ocrx_word' id='word_1_251' title='bbox 581 2268 746 2324; x_wconf 90' lang='lat' dir='ltr'>oblique</span> <span class='ocrx_word' id='word_1_252' title='bbox 777 2283 871 2309; x_wconf 91' lang='lat' dir='ltr'>eum</span> <span class='ocrx_word' id='word_1_253' title='bbox 906 2266 1040 2322; x_wconf 85' lang='lat' dir='ltr'>tetigit</span> <span class='ocrx_word' id='word_1_254' title='bbox 1066 2266 1107 2306; x_wconf 89' lang='lat' dir='ltr'>in</span> <span class='ocrx_word' id='word_1_255' title='bbox 1143 2266 1292 2306; x_wconf 90' lang='lat' dir='ltr'>Phoen.</span> <span class='ocrx_word' id='word_1_256' title='bbox 1325 2276 1421 2320; x_wconf 85' lang='lat'><strong><em>755.</em></strong></span> <span class='ocrx_word' id='word_1_257' title='bbox 1460 2267 1576 2320; x_wconf 91' lang='lat'>(760.</span> <span class='ocrx_word' id='word_1_258' title='bbox 1612 2267 1751 2320; x_wconf 85' lang='lat' dir='ltr'>Pors.)</span> 
     </span>
     <span class='ocr_line' id='line_1_32' title="bbox 312 2332 1753 2387; baseline -0.001 -11"><span class='ocrx_word' id='word_1_259' title='bbox 312 2334 457 2376; x_wconf 76' lang='grc' dir='ltr'>’Έσται</span> <span class='ocrx_word' id='word_1_260' title='bbox 481 2333 578 2375; x_wconf 90' lang='grc' dir='ltr'>τάδ’.</span> <span class='ocrx_word' id='word_1_261' title='bbox 610 2334 852 2387; x_wconf 82' lang='grc' dir='ltr'>ἑπτάπυργον</span> <span class='ocrx_word' id='word_1_262' title='bbox 884 2335 938 2376; x_wconf 83' lang='grc' dir='ltr'>εἰς</span> <span class='ocrx_word' id='word_1_263' title='bbox 969 2334 1088 2374; x_wconf 85' lang='grc' dir='ltr'>πόλιν</span> <span class='ocrx_word' id='word_1_264' title='bbox 1116 2333 1262 2384; x_wconf 81' lang='grc' dir='ltr'>μολὼν,</span> <span class='ocrx_word' id='word_1_265' title='bbox 1289 2332 1402 2383; x_wconf 75' lang='grc' dir='ltr'>Τάξω</span> <span class='ocrx_word' id='word_1_266' title='bbox 1432 2333 1630 2385; x_wconf 84' lang='grc' dir='ltr'>λοχαγοὺς</span> <span class='ocrx_word' id='word_1_267' title='bbox 1658 2333 1753 2386; x_wconf 82' lang='grc' dir='ltr'>πρὸς</span> 
     </span>
     <span class='ocr_line' id='line_1_33' title="bbox 318 2397 1753 2454; baseline -0.002 -11"><span class='ocrx_word' id='word_1_268' title='bbox 318 2402 519 2449; x_wconf 82' lang='grc' dir='ltr'>πύλαισιν,</span> <span class='ocrx_word' id='word_1_269' title='bbox 543 2402 593 2444; x_wconf 82' lang='grc' dir='ltr'>ὥς</span> <span class='ocrx_word' id='word_1_270' title='bbox 618 2401 761 2454; x_wconf 84' lang='grc' dir='ltr'>λέγεις,</span> <span class='ocrx_word' id='word_1_271' title='bbox 777 2399 910 2443; x_wconf 74' lang='lat' dir='ltr'>&#39;&#39;Io-ovs</span> <span class='ocrx_word' id='word_1_272' title='bbox 938 2402 1086 2441; x_wconf 82' lang='grc' dir='ltr'>ἵσοισιν</span> <span class='ocrx_word' id='word_1_273' title='bbox 1105 2400 1351 2450; x_wconf 87' lang='grc' dir='ltr'>πολεμίοισιν</span> <span class='ocrx_word' id='word_1_274' title='bbox 1371 2400 1550 2442; x_wconf 78' lang='grc' dir='ltr'>ἀντιθείς.</span> <span class='ocrx_word' id='word_1_275' title='bbox 1596 2397 1753 2450; x_wconf 79' lang='grc' dir='ltr'>’Όνομα</span> 
     </span>
     <span class='ocr_line' id='line_1_34' title="bbox 319 2465 1753 2520; baseline -0.002 -11"><span class='ocrx_word' id='word_1_276' title='bbox 319 2467 349 2509; x_wconf 88' lang='grc' dir='ltr'>δ’</span> <span class='ocrx_word' id='word_1_277' title='bbox 382 2467 545 2509; x_wconf 82' lang='grc' dir='ltr'>ἑκάστου</span> <span class='ocrx_word' id='word_1_278' title='bbox 572 2467 749 2520; x_wconf 78' lang='grc' dir='ltr'>διατριβὴ</span> <span class='ocrx_word' id='word_1_279' title='bbox 784 2467 915 2517; x_wconf 79' lang='grc' dir='ltr'>πολλὴ</span> <span class='ocrx_word' id='word_1_280' title='bbox 946 2465 1095 2518; x_wconf 84' lang='grc' dir='ltr'>λέγειν,</span> <span class='ocrx_word' id='word_1_281' title='bbox 1125 2465 1303 2518; x_wconf 83' lang='grc' dir='ltr'>Ἐχθρῶν</span> <span class='ocrx_word' id='word_1_282' title='bbox 1331 2465 1394 2505; x_wconf 79' lang='grc' dir='ltr'>ὑπ’</span> <span class='ocrx_word' id='word_1_283' title='bbox 1424 2465 1551 2508; x_wconf 82' lang='grc' dir='ltr'>αὐτοῖς</span> <span class='ocrx_word' id='word_1_284' title='bbox 1580 2466 1753 2518; x_wconf 86' lang='grc' dir='ltr'>τείχεσιν</span> 
     </span>
     <span class='ocr_line' id='line_1_35' title="bbox 320 2531 1751 2586; baseline -0.003 -10"><span class='ocrx_word' id='word_1_285' title='bbox 320 2534 556 2586; x_wconf 86' lang='grc' dir='ltr'>καθημένων.</span> <span class='ocrx_word' id='word_1_286' title='bbox 587 2533 659 2574; x_wconf 89' lang='lat' dir='ltr'>ubi</span> <span class='ocrx_word' id='word_1_287' title='bbox 681 2533 764 2574; x_wconf 89' lang='lat' dir='ltr'>vid.</span> <span class='ocrx_word' id='word_1_288' title='bbox 786 2532 909 2574; x_wconf 87' lang='lat' dir='ltr'>schol.</span> <span class='ocrx_word' id='word_1_289' title='bbox 931 2541 972 2573; x_wconf 94' lang='lat' dir='ltr'>et</span> <span class='ocrx_word' id='word_1_290' title='bbox 993 2531 1259 2573; x_wconf 82' lang='lat' dir='ltr'>Valckenaerii</span> <span class='ocrx_word' id='word_1_291' title='bbox 1280 2541 1429 2572; x_wconf 89' lang='lat' dir='ltr'>notam.</span> <span class='ocrx_word' id='word_1_292' title='bbox 1477 2533 1639 2586; x_wconf 86' lang='lat' dir='ltr'>Septem</span> <span class='ocrx_word' id='word_1_293' title='bbox 1670 2531 1751 2571; x_wconf 89' lang='lat' dir='ltr'>du-</span> 
     </span>
     <span class='ocr_line' id='line_1_36' title="bbox 318 2597 1751 2653; baseline -0.003 -11"><span class='ocrx_word' id='word_1_294' title='bbox 318 2616 412 2642; x_wconf 81' lang='lat' dir='ltr'>cum</span> <span class='ocrx_word' id='word_1_295' title='bbox 433 2600 598 2641; x_wconf 89' lang='lat' dir='ltr'>nomina</span> <span class='ocrx_word' id='word_1_296' title='bbox 623 2599 802 2640; x_wconf 85' lang='lat' dir='ltr'>breviter</span> <span class='ocrx_word' id='word_1_297' title='bbox 830 2608 1009 2639; x_wconf 84' lang='lat' dir='ltr'>recenset</span> <span class='ocrx_word' id='word_1_298' title='bbox 1041 2598 1260 2653; x_wconf 89' lang='lat' dir='ltr'>Sophocles</span> <span class='ocrx_word' id='word_1_299' title='bbox 1283 2597 1388 2638; x_wconf 90' lang='lat' dir='ltr'>OEd.</span> <span class='ocrx_word' id='word_1_300' title='bbox 1411 2597 1499 2638; x_wconf 85' lang='lat' dir='ltr'>Col.</span> <span class='ocrx_word' id='word_1_301' title='bbox 1523 2607 1618 2651; x_wconf 90' lang='lat'>711.</span> <span class='ocrx_word' id='word_1_302' title='bbox 1639 2612 1751 2652; x_wconf 90' lang='lat' dir='ltr'>seqq.</span> 
     </span>
     <span class='ocr_line' id='line_1_37' title="bbox 317 2662 1751 2723; baseline -0.003 -15"><span class='ocrx_word' id='word_1_303' title='bbox 317 2667 450 2708; x_wconf 87' lang='lat' dir='ltr'>fusius</span> <span class='ocrx_word' id='word_1_304' title='bbox 469 2666 691 2723; x_wconf 88' lang='lat' dir='ltr'>Euripides</span> <span class='ocrx_word' id='word_1_305' title='bbox 712 2665 913 2706; x_wconf 84' lang='lat' dir='ltr'>Phoeniss.</span> <span class='ocrx_word' id='word_1_306' title='bbox 938 2677 1028 2707; x_wconf 85' lang='lat'>120.</span> <span class='ocrx_word' id='word_1_307' title='bbox 1043 2680 1155 2720; x_wconf 88' lang='lat' dir='ltr'>seqq.</span> <span class='ocrx_word' id='word_1_308' title='bbox 1204 2666 1364 2705; x_wconf 91' lang='lat' dir='ltr'>Eorum</span> <span class='ocrx_word' id='word_1_309' title='bbox 1394 2673 1548 2705; x_wconf 88' lang='lat' dir='ltr'>statuas</span> <span class='ocrx_word' id='word_1_310' title='bbox 1576 2662 1751 2718; x_wconf 90' lang='lat' dir='ltr'>Delphis</span> 
     </span>
     <span class='ocr_line' id='line_1_38' title="bbox 317 2728 1750 2789; baseline -0.003 -15"><span class='ocrx_word' id='word_1_311' title='bbox 317 2734 422 2775; x_wconf 90' lang='lat' dir='ltr'>inter</span> <span class='ocrx_word' id='word_1_312' title='bbox 442 2733 694 2789; x_wconf 85' lang='lat' dir='ltr'>Argivorum</span> <span class='ocrx_word' id='word_1_313' title='bbox 724 2731 951 2785; x_wconf 84' lang='grc' dir='ltr'>ἀναθήματα</span> <span class='ocrx_word' id='word_1_314' title='bbox 970 2730 1160 2772; x_wconf 89' lang='lat' dir='ltr'>describit</span> <span class='ocrx_word' id='word_1_315' title='bbox 1182 2730 1405 2771; x_wconf 89' lang='lat' dir='ltr'>Pausanias</span> <span class='ocrx_word' id='word_1_316' title='bbox 1428 2742 1492 2779; x_wconf 87' lang='lat'>10,</span> <span class='ocrx_word' id='word_1_317' title='bbox 1518 2742 1580 2770; x_wconf 90' lang='lat'>10.</span> <span class='ocrx_word' id='word_1_318' title='bbox 1601 2728 1673 2784; x_wconf 92' lang='lat' dir='ltr'>qui</span> <span class='ocrx_word' id='word_1_319' title='bbox 1693 2738 1750 2770; x_wconf 84' lang='lat' dir='ltr'>ta-</span> 
     </span>
     <span class='ocr_line' id='line_1_39' title="bbox 317 2795 1749 2855; baseline -0.004 -14"><span class='ocrx_word' id='word_1_320' title='bbox 317 2815 426 2851; x_wconf 88' lang='lat' dir='ltr'>men,</span> <span class='ocrx_word' id='word_1_321' title='bbox 447 2798 735 2855; x_wconf 86' lang='lat' dir='ltr'>Parthenopaei</span> <span class='ocrx_word' id='word_1_322' title='bbox 755 2799 917 2839; x_wconf 88' lang='lat' dir='ltr'>nomine</span> <span class='ocrx_word' id='word_1_323' title='bbox 936 2798 1096 2847; x_wconf 90' lang='lat' dir='ltr'>omisso,</span> <span class='ocrx_word' id='word_1_324' title='bbox 1117 2796 1352 2837; x_wconf 89' lang='lat' dir='ltr'>Alithersen</span> <span class='ocrx_word' id='word_1_325' title='bbox 1381 2796 1487 2836; x_wconf 88' lang='lat' dir='ltr'>inter</span> <span class='ocrx_word' id='word_1_326' title='bbox 1515 2795 1637 2836; x_wconf 85' lang='lat' dir='ltr'>duces</span> <span class='ocrx_word' id='word_1_327' title='bbox 1665 2809 1749 2835; x_wconf 91' lang='lat' dir='ltr'>me-</span> 
     </span>
     <span class='ocr_line' id='line_1_40' title="bbox 318 2859 1749 2919; baseline -0.005 -12"><span class='ocrx_word' id='word_1_328' title='bbox 318 2875 472 2917; x_wconf 81' lang='lat' dir='ltr'>morat3</span> <span class='ocrx_word' id='word_1_329' title='bbox 503 2865 627 2907; x_wconf 88' lang='lat' dir='ltr'>tradit</span> <span class='ocrx_word' id='word_1_330' title='bbox 656 2874 792 2905; x_wconf 87' lang='lat' dir='ltr'>autem</span> <span class='ocrx_word' id='word_1_331' title='bbox 818 2863 1115 2919; x_wconf 85' lang='lat' dir='ltr'>Amphiaraum</span> <span class='ocrx_word' id='word_1_332' title='bbox 1147 2862 1329 2918; x_wconf 87' lang='lat' dir='ltr'>aurigam</span> <span class='ocrx_word' id='word_1_333' title='bbox 1361 2861 1562 2911; x_wconf 90' lang='lat' dir='ltr'>habuisse,</span> <span class='ocrx_word' id='word_1_334' title='bbox 1584 2859 1649 2902; x_wconf 89' lang='lat' dir='ltr'>cui</span> <span class='ocrx_word' id='word_1_335' title='bbox 1680 2875 1749 2900; x_wconf 90' lang='lat' dir='ltr'>no-</span> 
     </span>
     <span class='ocr_line' id='line_1_41' title="bbox 318 2925 1748 2985; baseline -0.004 -13"><span class='ocrx_word' id='word_1_336' title='bbox 318 2947 408 2972; x_wconf 89' lang='lat' dir='ltr'>men</span> <span class='ocrx_word' id='word_1_337' title='bbox 445 2933 564 2972; x_wconf 83' lang='lat' dir='ltr'>Bato.</span> <span class='ocrx_word' id='word_1_338' title='bbox 625 2931 969 2985; x_wconf 81' lang='lat' dir='ltr'>Parthenopaeum</span> <span class='ocrx_word' id='word_1_339' title='bbox 1003 2929 1177 2971; x_wconf 90' lang='lat' dir='ltr'>ducibus</span> <span class='ocrx_word' id='word_1_340' title='bbox 1209 2929 1495 2970; x_wconf 89' lang='lat' dir='ltr'>adnumerarat</span> <span class='ocrx_word' id='word_1_341' title='bbox 1523 2925 1748 2967; x_wconf 88' lang='lat' dir='ltr'>Thebaidis</span> 
     </span>
    </p>
   </div>
  </div>
 </body>
</html>
