1898 3256
587 226 678 267 AD
710 223 1188 266 PROMETHEUM.
1567 222 1624 268 69

202 338 314 386 461.
336 336 371 379 θ’
392 337 592 379 omittunt
613 338 681 379 M.
703 346 745 379 et
761 336 966 378 Stoboeus.
1009 341 1011 344 ’

214 404 389 461 ἐργάτιν]
422 404 695 447 Scribendum
728 404 899 459 ἐργάνην
918 419 970 445 ex
1003 403 1183 445 Stobaeo.
1246 403 1366 444 Idem
1393 403 1435 443 in
1462 404 1528 445 M.
1551 419 1621 444 ex-

156 470 305 514 stitisse
326 472 506 524 videtur‚
532 472 575 514 in
603 487 689 529 quo
710 481 931 529 postremae
960 470 1092 513 literae
1122 485 1247 512 manu
1280 470 1495 513 recentiori
1526 482 1622 513 sunt

155 550 334 582 exaratae
354 541 395 582 in
417 540 542 583 litura
561 540 711 582 veteris
731 540 959 596 scripturae.

210 607 366 660 μνήμην
396 607 429 651 θ’
451 608 636 650 ἁπάντων
654 606 914 661 μουσομήτορ’
946 606 1137 661 ἐργάνην]
1162 607 1259 647 Non
1294 615 1458 648 tantum
1486 607 1622 649 innuit

153 675 372 728 λογισμοὺς
402 677 466 718 καὶ
493 679 563 720 τὰς
591 680 670 718 τῶν
701 675 906 728 ὀνομάτων
930 674 1074 724 θέσεις,
1102 688 1200 730 quae
1232 675 1531 732 Mnemosyncs
1561 677 1622 717 in-

183 751 279 784 enta
308 753 405 785 sunt
437 744 636 799 (Diodor.
660 744 742 786 Sic.
762 753 805 799 5,
828 744 932 798 67.)‚
959 742 1029 784 sed
1061 743 1231 784 omnino
1259 757 1403 784 omnes
1436 753 1545 784 artes
1574 759 1621 785 ac

153 810 384 863 facultates,
404 827 502 868 quae
522 813 609 854 sine
627 811 827 853 memoria
846 826 898 852 ne
923 810 1118 852 exsistere
1137 810 1322 867 quidem,
1345 811 1499 852 nedum
1530 827 1623 868 per-

154 878 221 919 fici
243 879 485 934 potuissent.
545 880 693 932 Μνήμη
713 879 755 921 h.
776 879 804 920 l.
827 878 1011 935 physice,
1033 893 1116 919 non
1138 878 1320 935 mythice
1340 879 1523 935 ponitur,
1546 880 1622 921 etsi

155 946 434 1004 Mnemosyne
454 947 532 989 dea
551 958 614 990 est
634 949 858 988 Musarum
880 955 1036 994 mater;
1070 945 1136 987 hic
1151 961 1250 987 vero
1264 955 1394 987 artem
1411 948 1621 990 memoriae

152 1014 360 1071 intelligit,
382 1031 558 1072 eamque
578 1023 743 1057 tantum
763 1013 1022 1067 μουσομήτορ’
1046 1014 1233 1067 ἐργάνην,
1250 1028 1332 1055 non
1349 1018 1427 1055 τῶν
1444 1017 1622 1057 Μούσων

151 1082 303 1136 μητέρα
330 1083 527 1140 appellat,
555 1094 603 1125 ut
630 1083 844 1140 significet,
866 1098 908 1124 se
938 1091 1100 1124 tantum
1129 1082 1182 1123 ad
1209 1082 1320 1123 illam
1353 1082 1538 1124 fabulam
1567 1083 1621 1125 de

155 1152 434 1207 Mnemosyne
465 1153 689 1193 Musarum
719 1160 851 1191 matre
875 1149 1075 1200 alludere,
1107 1165 1189 1191 non
1221 1159 1360 1191 autem
1391 1166 1439 1191 ea
1470 1150 1540 1201 sic,
1573 1161 1622 1193 ut

154 1229 289 1275 poetae
310 1221 455 1270 solent,
475 1219 518 1260 in
539 1223 626 1260 rem
648 1234 765 1260 suam
792 1217 910 1259 abuti
931 1217 1049 1259 velle.
1081 1217 1240 1270 ἐργάνη,
1263 1218 1379 1273 quod
1407 1218 1619 1274 epitheton

154 1287 363 1328 Minervae
376 1297 451 1339 est,
463 1286 572 1328 idem
589 1286 703 1343 quod
716 1286 758 1327 in
775 1285 864 1326 aliis
878 1285 1034 1342 legitur
1047 1285 1215 1338 ἐργάτις,
1229 1287 1386 1342 opifex,
1401 1288 1591 1343 qffectrz'oe
1604 1305 1618 1334 ,-

153 1355 300 1408 ἐργάνη
322 1370 434 1406 vero,
456 1354 557 1411 quia
576 1353 823 1410 exquisitius
851 1363 894 1395 et
923 1352 1055 1410 magis
1084 1353 1346 1395 reconditum
1371 1365 1448 1405 est,
1475 1355 1621 1411 genui-

152 1437 254 1463 num
275 1421 455 1464 videtur.
496 1423 693 1464 Ceterum
715 1422 1004 1478 Pythagoreos
1020 1430 1148 1462 artem
1172 1422 1380 1463 memoriae
1400 1422 1622 1479 diligenter

151 1489 326 1532 coluisse
354 1500 502 1532 notum
528 1500 603 1532 est.
666 1489 780 1531 Citat
812 1489 942 1531 Stanl.
970 1488 1196 1530 Jamblich.
1234 1489 1287 1530 de
1318 1489 1404 1531 vita
1436 1491 1618 1547 Pythag.

153 1575 188 1602 e.
211 1572 279 1614 29.
306 1559 378 1601 ubi
404 1559 438 1601 is
464 1559 518 1601 de
549 1559 805 1617 Pythagorae
828 1558 1123 1600 sectatoribus:
1158 1560 1223 1601 ἐπὶ
1247 1559 1376 1601 πλέον
1408 1562 1620 1613 ἐπειρῶντο

153 1631 202 1684 τῇ
229 1627 360 1684 μνήμῃ
389 1627 612 1682 γυμνάζειν.
645 1628 760 1669 οὐδὲν
779 1629 856 1680 γὰρ
874 1631 1007 1679 μεῖζον
1026 1627 1124 1679 πρὸς
1149 1627 1379 1679 ἐπιστήμην,
1403 1628 1467 1669 καὶ
1488 1629 1620 1680 ἐμπει-

152 1697 243 1748 ρίαν
262 1696 326 1737 καὶ
347 1697 544 1749 φρόνησιν
563 1698 633 1736 τοῦ
653 1696 845 1736 δύνασθαι
863 1695 1138 1747 μνημονεύειν.
1170 1695 1301 1735 SCH.

208 1765 310 1816 462.
329 1764 496 1818 πρῶτος]
521 1761 638 1816 πρῶτ’
660 1762 773 1804 Rob.

209 1834 309 1887 463.
331 1832 552 1885 ζεύγλαισι]
579 1833 751 1884 ζεῦγλαι,
773 1831 866 1872 lora
870 1830 1069 1887 jugalia,
1092 1829 1272 1886 pertinet
1292 1830 1345 1871 ad
1367 1831 1505 1882 boves,
1527 1830 1619 1887 qui-

152 1900 233 1941 bus
271 1899 325 1941 ad
365 1899 569 1940 arandum
614 1898 853 1940 utebantur.
899 1899 1034 1940 SCH.
1085 1900 1273 1952 ζεύγλῃσι
1304 1900 1418 1940 Α.Β.
1451 1899 1620 1956 aliique,

153 1983 236 2009 non
257 1968 323 2009 M.

210 2036 460 2077 δουλεύοντα·
492 2036 675 2087 σώμασιν
705 2035 740 2075 θ’
767 2035 888 2089 ὅπως]
922 2035 974 2075 In
1003 2034 1099 2075 edd.
1129 2043 1227 2075 vett.
1260 2034 1499 2076 distinctum
1530 2039 1617 2077 δου-

152 2106 324 2146 λεύοντα
344 2105 527 2156 σώμασίν
547 2103 596 2152 θ’,
619 2105 722 2147 ὅπως
736 2128 794 2134 -
808 2102 921 2159 quod
944 2101 1122 2144 correxit
1145 2104 1369 2144 Porsonus.
1420 2104 1487 2144 De
1507 2113 1620 2145 utra-

152 2187 236 2228 que
255 2171 412 2213 ratione
433 2171 539 2212 dixit
560 2170 777 2212 scholiasta
796 2169 1009 2212 recentior.

209 2241 311 2293 464.
341 2241 542 2293 μεγίστων
571 2238 748 2293 διάδοχοι
777 2237 1061 2294 μοχθημάτων]
1098 2237 1294 2279 Similiter
1319 2238 1546 2295 AEschylus
1576 2239 1618 2279 in

153 2307 386 2363 fragmento
408 2307 646 2348 Promethei
668 2306 791 2348 soluti
814 2306 931 2362 [180]
954 2307 1146 2361 jumenta
1166 2308 1379 2348 ἀντίδουλα
1401 2307 1463 2347 καὶ
1487 2309 1620 2348 πόνων

155 2375 362 2429 ἐκδέκτορα
382 2374 576 2432 appellat.
595 2375 728 2416 SCH.

210 2446 308 2499 465.
329 2442 500 2497 γένοινθ’
524 2441 775 2483 Brunckius.
826 2441 947 2483 Libri
967 2440 1136 2494 γένενθ’.

211 2511 363 2566 ἅρματ’]
386 2511 490 2564 ἅρμα
509 2511 540 2551 τ’
564 2511 701 2550 Turn.

210 2578 276 2632 ὑφ’
308 2578 672 2633 ἅρματα-χλιδῆς]
705 2576 842 2618 Schol.
864 2578 923 2618 A.
943 2576 988 2617 τὸ
1007 2578 1083 2630 γὰρ
1115 2578 1349 2630 ἐποχεῖσθαι
1378 2582 1459 2619 τοῖς
1489 2578 1619 2620 ἵπποις

154 2648 357 2688 πλουσίων
388 2647 487 2687 ἐστί.
539 2645 782 2701 AEschylus,
813 2644 952 2694 credo,
984 2643 1303 2684 Atheniensium
1336 2659 1490 2684 morem
1527 2659 1620 2699 por-

155 2713 335 2769 stringst,
356 2712 430 2768 qui
460 2712 716 2753 nobilitatem
738 2712 888 2752 domus
914 2711 1100 2752 solebant
1119 2711 1323 2752 {estimare
1342 2726 1393 2751 ex
1414 2726 1618 2766 equorum

156 2796 343 2831 numero,
364 2795 470 2835 quos
489 2779 542 2820 ad
563 2789 770 2820 certamen
793 2778 1059 2835 Olympicum
1082 2778 1230 2819 alebat.
1292 2778 1537 2820 Herodotus
1562 2778 1620 2820 ait

157 2847 393 2889 Miltiadem
416 2846 544 2887 fuisse
570 2847 694 2889 οἰκίας
723 2846 1076 2898 τεθριπποτρόφου.
1106 2845 1220 2900 quod
1253 2845 1356 2886 bene
1385 2845 1620 2887 observavit

157 2914 463 2956 Giacomellius.
494 2913 603 2954 conf.
636 2912 854 2969 Aristoph.
888 2912 1003 2953 Nub.
1034 2925 1099 2965 74.
1133 2912 1334 2969 Thucyd.
1360 2915 1400 2955 6.
1426 2926 1492 2955 12.
1528 2915 1618 2954 De-

157 2982 305 3024 mosth.
327 2982 378 3024 dc
401 2984 553 3023 Coron.
574 2982 610 3035 ξ.
638 2994 730 3036 199.
782 2979 952 3022 Contuli
984 2988 1120 3036 potest
1143 2981 1368 3037 Menagius
1396 2981 1450 3023 ad
1476 2982 1618 3023 Lacrt.
