1898 3256
316 217 400 259 206
792 219 1284 260 ANNOTATIONES

481 328 632 382 Ἰσχίον
652 330 703 372 ὡς
723 328 874 380 ἐνόησε,
897 331 1019 382 χαμαὶ
1038 328 1178 380 βάλεν,
1202 330 1288 371 εἶπέ
1305 346 1348 370 τε
1366 333 1501 381 μῦθον,

482 395 577 446 ὤμοι
599 396 687 448 ἐγὼ,
708 395 844 438 παῖδές
864 413 930 447 μοι
949 397 1138 437 ὀνείδειον
1159 395 1235 436 τόδ’
1255 396 1453 449 ἔπεμψαν,

484 463 610 515 εὔχθω
632 462 684 503 Δὶ
703 465 871 513 βασιλῆι
893 464 955 503 καὶ
975 464 1113 505 ἄλλοις
1133 460 1364 503 ἀθανάτοισι

482 529 622 581 χερσὶν
639 527 700 569 ὑπ’
724 529 911 579 ἀλλήλων
932 528 1199 580 καταβήμεναι
1214 527 1349 571 Ἀῖδος
1370 531 1475 569 εἵσω.

315 595 362 633 τὰ
382 594 424 633 δὲ
443 593 698 646 παραπλήσια
718 597 770 649 τῷ
791 595 959 650 ἐποποιῷ
982 595 1044 635 καὶ
1063 595 1263 648 Αἰσχύλος
1285 596 1328 635 ἐν
1351 598 1432 637 τοῖς
1462 596 1557 635 ἑπτὰ
1587 595 1650 635 ἐπὶ
1670 594 1750 645 Θή-

313 664 419 710 βαις.
480 659 560 710 Qui
583 661 752 702 fortasse
779 660 879 701 nihil
906 661 1080 717 amplius
1110 655 1243 701 dicere
1265 660 1392 702 voluit
1421 675 1545 716 quam
1572 660 1752 701 dirarum

312 726 473 767 illarum
494 726 547 767 ab
570 727 770 782 AEschylo
791 727 1035 768 mentionem
1057 727 1205 768 factam
1228 742 1324 768 esse.

372 793 464 846 789.
487 795 548 834 διὰ
567 795 657 846 χερί
674 794 892 833 Porsonus.
924 795 1114 848 διαχειρίᾳ
1133 793 1237 835 libri.

372 870 465 913 790.
510 859 623 913 τρέω]
668 860 833 900 Tremo.
897 859 1076 900 Verbum
1116 860 1227 915 apud
1279 861 1452 916 tragicos
1489 860 1750 909 rarissimum,

313 935 586 981 praeterquam
609 925 649 966 in
669 926 832 967 aoristo.
863 925 958 966 Vid.
981 926 1125 966 Elmsl.
1146 927 1198 967 ad
1219 927 1432 983 Aristoph.
1456 927 1637 968 Acharn.
1653 940 1749 981 490.

315 993 402 1033 Vox
426 992 579 1033 Dorica
598 1002 673 1043 est,
693 1002 795 1034 teste
817 992 992 1033 Theone
1013 993 1052 1033 in
1077 994 1196 1034 Arat.
1219 1009 1261 1048 p.
1282 1007 1324 1045 4.
1354 995 1581 1035 BLOMF.

370 1070 463 1114 791.
495 1060 734 1116 καμψίπους]
758 1060 885 1100 Pedes
900 1062 1089 1115 flectens.
1117 1059 1250 1100 Schol.
1280 1061 1304 1111 ἡ
1335 1059 1561 1111 κάμπτουσα
1591 1066 1751 1108 κολαζο·

311 1126 440 1176 μένων
459 1126 548 1170 τοὺς
567 1125 699 1170 πόδας.
740 1126 847 1168 Satis
865 1126 1068 1177 absurde3
1101 1127 1349 1182 suffragante
1370 1136 1504 1167 tamen
1526 1126 1749 1183 Hesychio.

314 1193 646 1246 Καμπεσίγουνος.
675 1194 699 1244 ἡ
718 1192 881 1245 Ἐρινύς.
913 1193 989 1235 ἀπὸ
1009 1199 1076 1235 τοῦ
1098 1193 1283 1245 κάμπτειν
1302 1195 1350 1234 τὰ
1369 1192 1517 1246 γόνατα
1536 1197 1612 1234 τῶν
1631 1194 1752 1245 ἆμαρ-

311 1257 522 1300 τανόντων.
583 1260 715 1315 Lege,
757 1261 1077 1313 Καμπεσίγουνος
1109 1260 1274 1313 Ἐρινύς.
1309 1278 1340 1301 κ.
1372 1277 1404 1300 τ.
1435 1265 1474 1300 λ.
1541 1259 1657 1300 Finis
1689 1268 1751 1299 est

312 1325 551 1375 hexametri,
571 1341 623 1367 ex
645 1326 914 1383 Euphorione
932 1327 1084 1377 forsan,
1107 1326 1189 1367 sive
1216 1326 1483 1382 Empedocle,
1511 1341 1581 1366 seu
1611 1326 1749 1381 potius

313 1393 589 1445 Onomacrito,
609 1394 863 1450 desumptus.
896 1396 1025 1436 Recte
1044 1395 1338 1450 interpretatur
1358 1393 1564 1435 Heathius
1576 1394 1746 1450 pernix.

312 1461 539 1502 BLOMF.

366 1527 520 1580 Ἐρινύς
541 1529 606 1568 Μ.
636 1528 815 1580 Ἐριννύς
834 1527 974 1583 vulgo.

369 1606 462 1649 793.
485 1594 684 1650 δούλειον]
707 1595 865 1636 δούλιον
886 1596 941 1635 Ε.
964 1595 1096 1635 Viteb.

370 1671 463 1716 794.
483 1661 700 1716 πέπτωκεν]
721 1660 923 1702 πέπτωκεν
943 1660 973 1702 δ’
996 1662 1062 1702 Μ.

367 1729 542 1780 ὀβρίμων
561 1729 674 1769 A.B.
695 1728 846 1783 aliique
865 1737 906 1769 et
927 1728 1036 1769 Rob.
1067 1730 1267 1781 ὀμβρίμων
1289 1727 1387 1768 Ald.
1412 1729 1545 1768 Turn.

368 1806 462 1849 795.
486 1795 591 1850 εὐδίᾳ
610 1795 672 1849 τε]
697 1795 802 1850 εὐδίᾳ
819 1794 898 1836 ’στὶ
918 1794 1197 1842 Blomfieldus,
1219 1804 1328 1836 recte
1348 1795 1531 1835 fortasse.

368 1863 463 1915 796.
492 1862 656 1916 ἄντλον]
680 1862 915 1904 Sentinum.
979 1861 1089 1903 Urbs
1109 1876 1188 1902 non
1209 1861 1263 1902 ad
1281 1876 1430 1917 aquam
1458 1861 1743 1902 exantlandam

310 1927 474 1968 redacta
493 1936 580 1975 est;
613 1927 637 1968 i.
659 1943 695 1968 e.
718 1943 866 1983 aquam
888 1943 968 1969 non
989 1928 1165 1969 admisit.
1197 1929 1293 1969 Hoc
1313 1928 1461 1969 rectius
1480 1927 1602 1968 credo
1619 1943 1743 1983 quam

309 2010 401 2036 cum
425 1994 638 2036 scholiasta
656 2004 697 2035 et
717 1994 887 2036 Pauwio
907 1995 1054 2036 ἄντλον
1073 2010 1149 2050 pro
1173 1996 1272 2047 ὕδωρ
1300 1994 1477 2049 positum
1507 1993 1744 2049 intelligere.

312 2061 393 2103 Sed
414 2061 508 2102 vide
531 2061 708 2117 interpp.
737 2061 791 2102 ad
811 2061 994 2117 Hesych.
1016 2061 1056 2101 in
1079 2076 1190 2110 voce,
1211 2069 1263 2111 et,
1285 2075 1407 2115 quem
1435 2060 1575 2110 citant,
1597 2061 1744 2116 Eurip.

312 2128 614 2182 Hecub.1009.
645 2129 874 2169 BLOMF.

368 2195 460 2248 798.
483 2193 780 2248 ἐφραξάμεσθα]
808 2193 1078 2235 scribendum
1101 2193 1392 2247 ἐφαρξάμεσθα.
1425 2195 1474 2234 V.
1495 2193 1547 2234 ad
1570 2209 1607 2234 v,
1629 2196 1696 2248 63.

365 2268 461 2312 799.
484 2259 624 2313 καλῶς]
649 2257 680 2300 δ’
701 2258 862 2300 addunt
881 2258 1036 2314 aliquot
1057 2259 1177 2300 codd.
1198 2268 1239 2300 et
1259 2259 1370 2300 Rob.
1414 2259 1742 2315 Superscriptum

309 2324 432 2366 habet
453 2326 520 2366 M.

367 2392 462 2434 800.
494 2393 775 2449 ἑβδομαγέτας]
797 2393 1106 2435 Praeferendum
1134 2393 1397 2446 ἑβδομαγέτης
1415 2407 1466 2433 ex
1492 2393 1583 2434 cod.
1605 2394 1742 2448 Mosq.

308 2459 455 2515 primo.

365 2526 649 2583 ἑβδομαγέτης]
681 2528 893 2583 Septimus
930 2528 1031 2568 dux.
1079 2527 1211 2568 Schol.
1252 2529 1322 2568 τὸν
1353 2526 1589 2568 Ἀπόλλωνα
1618 2527 1742 2579 λέγει,

308 2592 351 2636 ὃς
380 2595 423 2634 ἐν
453 2591 600 2645 ἑβδόμῃ
628 2592 751 2647 ἡμέρᾳ
778 2597 846 2634 τοῦ
876 2594 996 2645 μηνὸς
1025 2595 1237 2646 γεννηθεὶς,
1268 2594 1409 2646 ἐκλήθη
1439 2593 1744 2647 Ἑβδομαγέτας.

308 2659 491 2711 hoelus,
512 2675 537 2700 a
559 2658 807 2715 Spanhemio
834 2659 982 2700 citatus
1002 2659 1052 2700 ad
1077 2660 1236 2701 Gallim.
1260 2660 1353 2701 Del.
1375 2672 1466 2714 251.
1488 2660 1544 2701 ait
1564 2669 1746 2716 septena-

308 2727 413 2768 rium
445 2741 659 2768 numerum
689 2741 948 2767 communem
976 2727 1140 2768 Baccho
1168 2737 1209 2769 et
1226 2727 1411 2783 Apollini
1431 2727 1569 2776 fuisse,
1598 2727 1656 2768 διὸ
1684 2727 1747 2767 καὶ

306 2793 604 2846 Ἑβδομαγέταν
632 2792 800 2834 ἐκάλουν
825 2793 894 2834 τὸν
914 2793 1034 2841 Θεὸν,
1058 2795 1120 2835 καὶ
1139 2795 1208 2845 τὴν
1230 2793 1401 2846 ἑβδόμην
1419 2797 1487 2835 τοῦ
1507 2797 1613 2835 Θεοῦ
1637 2795 1745 2845 ἱερὰν

308 2861 461 2913 ἔλεγον.
504 2859 637 2901 Schol.
677 2859 894 2916 Aristoph.
936 2859 1048 2902 Plut.
1087 2871 1208 2914 1127.
1248 2860 1412 2902 ἑκάστου
1451 2862 1526 2913 γὰρ
1563 2859 1682 2911 μηνὸς
1719 2860 1743 2910 ἡ

307 2927 493 2978 νουμηνία
519 2927 580 2967 καὶ
605 2927 628 2976 ἡ
659 2925 806 2977 ἑβδόμη
836 2927 1043 2978 ἀφιεροΰτο
1069 2930 1122 2981 τῷ
1144 2927 1383 2969 Ἀπόλλωνι.
1442 2926 1592 2967 Nescio
1612 2940 1663 2966 an
1684 2925 1740 2966 le-
