1898 3256
342 237 424 278 158
809 239 1301 283 ANNOTATIONES

339 347 482 401 πληχθ’
508 348 563 388 C.
608 349 804 401 δορίπληθ’
833 366 882 391 ex
913 351 1002 392 cod.
1035 353 1202 393 Barocc.
1233 354 1350 394 affert
1380 354 1599 397 Porsonus.
1645 359 1775 409 δουρυ-

338 414 451 465 πλῆθ’
484 414 584 455 Ald.
615 430 749 456 errore
782 417 951 458 fortasse
986 418 1210 473 typothetae
1243 430 1319 475 pro
1353 421 1625 475 δουρυπλήχθ’,
1661 423 1774 478 quod

338 490 494 521 servato
520 491 709 521 accentus
732 482 830 523 vitio
854 484 989 537 posuit
1017 486 1150 525 Turn.
1192 486 1397 538 δουρικτήτ’
1428 487 1535 529 Rob.
1586 490 1772 539 Quorum

335 546 526 586 vitiorum
556 547 736 588 omnium
767 559 877 589 certa
906 550 1088 590 Porsono
1118 551 1169 591 ad
1199 553 1346 607 Eurip.
1378 555 1482 594 Hec.
1509 555 1605 605 482.
1639 570 1773 596 emen-

336 613 447 654 datio
470 614 685 655 videbatur
706 615 944 668 δουρίληφθ’.
1006 617 1057 657 Id
1081 633 1175 658 vero
1195 618 1347 660 librarii
1367 619 1434 660 vix
1456 621 1497 661 in
1519 622 1768 676 δουρίπληχθ’

334 680 620 735 corrupissent.
666 682 934 723 Scribendum
958 684 1177 737 δουρίπηχθ’
1194 685 1524 742 adjectivumque
1545 688 1770 739 δορίπηκτος

333 746 471 787 lexicis
490 746 761 788 inserendum.
809 748 1002 788 Similiter
1022 752 1279 803 καινοπληγές
1298 767 1373 806 pro
1395 753 1623 805 καινοπηγές
1644 754 1768 809 scrip-

334 822 421 854 tum
442 813 483 853 in
504 813 598 862 cod.
615 814 799 854 Parisino
821 814 869 855 L.
889 815 995 856 infra
1015 831 1052 857 v.
1075 818 1170 867 642.
1213 817 1372 870 λάφυρα
1392 819 1612 872 δουρίπηχθ’
1635 823 1769 872 ἁγνοῖς

334 878 461 930 δόμοις
489 879 617 934 spolia
650 878 748 919 dicit
782 879 907 920 hastis
937 880 1058 920 affixa
1090 879 1132 920 in
1165 881 1326 936 templis
1359 881 1541 923 deorum.
1601 884 1668 924 Sic
1701 902 1768 926 πε-

331 945 511 998 πηγμένα
542 949 668 985 σκῦλα
701 945 804 986 dixit
838 946 1046 1001 Josephus
1078 947 1181 986 Ant.
1211 947 1314 987 Jud.
1350 961 1417 1002 15,
1452 961 1515 999 ΙΙ,
1546 962 1586 1003 3.
1621 954 1689 991 τοῦ
1723 952 1766 991 δὲ

333 1014 436 1064 ἱεροῦ
453 1011 615 1064 δ,παντὸς
652 1011 701 1062 ἤν
741 1013 784 1051 ἐν
824 1013 948 1066 κύκλῳ
986 1012 1216 1064 πεπηγμένα
1259 1017 1386 1054 σκῦλα
1423 1019 1661 1068 βαρβαρικὰ,
1704 1018 1765 1058 καὶ

331 1081 451 1119 ταῦτα
480 1078 607 1119 πάντα
635 1079 826 1129 βασιλεὺς
857 1077 1033 1130 Ἡρώδης
1063 1079 1239 1129 ἀνέθηκε,
1269 1081 1452 1131 προσθεὶς
1485 1082 1561 1121 ὅσα
1594 1083 1654 1122 καὶ
1688 1088 1766 1125 τῶν

328 1144 512 1198 Ἀράβων
533 1145 669 1196 ἔλαβε.
714 1146 906 1185 Ceterum
928 1155 1184 1198 comparetur
1203 1146 1315 1185 locus
1335 1145 1473 1186 similis
1493 1147 1643 1201 Agam.
1664 1150 1762 1203 578.

330 1214 434 1254 θεοῖς
458 1211 617 1264 λάφυρα
645 1214 765 1252 ταῦτα
793 1215 873 1253 τοῖς
901 1210 981 1251 καθ’
1002 1209 1179 1251 Ἐλλάδα
1206 1212 1337 1262 δόμοις
1365 1213 1672 1255 ἐπασσάλευσαν
1694 1216 1763 1268 ἀρ-

327 1282 445 1330 χαῖον
464 1277 595 1330 γάνος.

384 1346 517 1397 ἁγνοῖς
543 1343 690 1399 δόμοις]
720 1343 1063 1398 Antiquissimum
1096 1352 1246 1383 morem
1274 1341 1399 1384 fuisse
1428 1340 1556 1399 spolia
1583 1345 1758 1387 hostium

325 1410 367 1451 in
397 1410 565 1450 deorum
598 1410 758 1466 templis
787 1409 1076 1465 suspendendi,
1107 1409 1295 1450 observat
1323 1411 1568 1452 Eustathius
1596 1421 1638 1467 p.
1661 1414 1759 1464 666,

326 1490 397 1532 33.
427 1477 484 1517 Τὸ
515 1477 557 1516 δὲ
588 1477 631 1517 ἐν
667 1480 772 1518 ναοῖς
803 1479 945 1528 κρεμᾶν
974 1478 1022 1516 τὰ
1048 1480 1176 1516 σκῦλα
1204 1480 1281 1516 τῶν
1311 1476 1568 1528 νενικημένων
1597 1479 1684 1522 ἔθος
1711 1480 1762 1530 ἧν

326 1545 503 1596 ἀρχαῖον.
534 1543 596 1583 καὶ
617 1546 730 1593 δηλοῖ
747 1542 838 1582 αὐτὸ
861 1542 921 1582 καὶ
942 1542 1147 1593 Εὐριπίδης
1176 1543 1220 1581 ἐν
1240 1545 1483 1590 Φοινισσαῖς,
1506 1545 1567 1585 καὶ
1589 1547 1609 1584 ὁ
1630 1549 1758 1597 Κωμι-

326 1609 389 1652 κὸς
409 1611 450 1650 δὲ
471 1611 514 1650 ἐν
534 1613 614 1652 τοῖς
632 1609 823 1649 Ἱππεῦσι.
884 1607 1097 1662 Euripidis
1118 1607 1242 1647 verba
1262 1607 1348 1648 haec
1368 1619 1463 1650 sunt
1484 1610 1628 1652 Phoen.
1649 1621 1744 1666 571.

438 1676 499 1716 καὶ
523 1676 628 1729 [κάς]
653 1678 780 1715 σκῦλα
799 1673 965 1727 γράψεις
983 1678 1063 1717 πῶς
1084 1673 1141 1714 ἐπ’
1165 1674 1319 1726 Ἰνάχου
1338 1676 1469 1727 ῥοαῖς;

438 1742 577 1793 Θήβας
596 1743 778 1794 πυρώσας
796 1741 916 1782 τάσδε
935 1742 1176 1792 Πολυνείκης
1194 1743 1297 1783 θεοῖς

436 1810 602 1850 ἀσπίδας
623 1808 748 1857 ἔθηκε.

321 1885 361 1915 ct
385 1875 505 1925 1481.

659 1930 710 1971 ὡς
729 1928 760 1969 δ’
784 1930 970 1980 ἐνικῶμεν
988 1928 1109 1983 μάχῃ,

432 1997 469 2036 οἷ
486 1997 560 2047 μὲν
582 1995 675 2037 Διὸς
693 1996 878 2046 τρόπαιον
898 1995 1068 2035 ἵστασαν
1085 1994 1245 2046 βρέτας,

430 2064 468 2102 οἶ
487 2061 518 2102 δ’
540 2063 706 2103 ἀσπίδας
725 2065 921 2103 συλῶντες
937 2060 1130 2113 Ἀργείων
1151 2065 1297 2113 νεκρῶν

431 2127 661 2179 σκυλεύματ’
684 2129 776 2169 εἵσω
796 2127 958 2181 τειχέων
980 2127 1214 2179 ἐπέμπομεν.

318 2205 607 2260 Aristophanis
628 2220 722 2245 vero
743 2205 829 2245 haec
848 2204 888 2244 in
911 2203 1136 2259 Equitibus
1157 2205 1254 2255 842.

429 2272 498 2314 ἕως
519 2272 567 2312 ἂν
586 2270 611 2327 ᾗ
632 2275 706 2311 τῶν
726 2272 900 2311 ἀσπίδων
919 2274 996 2310 τῶν
1017 2271 1059 2310 ἐκ
1079 2271 1216 2310 Πύλου
1235 2286 1271 2310 τι
1289 2271 1444 2310 λοιπόν.

314 2338 387 2379 Ad
407 2353 502 2393 quae
518 2338 641 2378 verba
661 2337 913 2377 scholiastes:
946 2336 1079 2376 Πάλιν
1099 2338 1119 2376 ὁ
1143 2336 1281 2377 Κλέων
1300 2339 1348 2377 τὰ
1366 2338 1454 2389 περὶ
1473 2338 1611 2378 Πύλον
1630 2341 1747 2390 θρυλ-

313 2410 380 2446 λεῖ
397 2406 458 2446 καὶ
478 2405 726 2457 Σφακτηρίαν
756 2404 818 2444 καὶ
842 2405 889 2444 τὰ
912 2407 988 2443 τῶν
1011 2404 1281 2455 αἰχμαλώτων.
1313 2403 1401 2446 ἔθος
1428 2405 1503 2455 γὰρ
1528 2404 1578 2454 ἥν
1606 2407 1653 2445 τὰ
1673 2405 1750 2446 ἀπὸ

312 2476 388 2513 τῶν
407 2472 605 2522 πολεμίων
624 2472 729 2511 ὅπλα
749 2471 792 2510 ἐν
812 2474 892 2512 τοῖς
923 2471 1038 2521 ἱεροῖς
1058 2469 1295 2509 ἀνατιθέναι.
1326 2469 1398 2511 ἕως
1416 2470 1473 2516 οὗ,
1496 2472 1630 2522 φησὶν,
1653 2472 1747 2512 ἀνά-

311 2553 431 2577 κειται
451 2535 526 2576 ἀπὸ
548 2536 683 2575 Πύλου
714 2535 775 2574 καὶ
804 2535 1049 2586 Σφακτηρίας
1077 2534 1195 2580 ὅπλα,
1218 2534 1315 2586 ἅπερ
1341 2534 1509 2585 ἀνέθηκα
1537 2540 1616 2578 τοῖς
1645 2539 1748 2579 θεοῖς

311 2602 481 2652 νικήσας,
504 2602 627 2643 οὐδεὶς
646 2605 721 2640 τῶν
741 2602 890 2653 ἐχθρῶν
910 2599 1098 2650 τολμήσει
1118 2599 1196 2639 κατ’
1226 2602 1319 2651 ἐμοῦ
1337 2600 1487 2653 λέγειν.
1538 2601 1746 2643 Nimirum

310 2669 516 2710 notissima
545 2677 605 2708 est
633 2683 683 2708 ex
710 2667 960 2722 Thucydide
984 2680 1026 2719 4,
1049 2680 1116 2721 30.
1148 2666 1315 2707 historia
1343 2667 1395 2707 de
1423 2668 1745 2709 Lacedaemoniis

308 2736 360 2777 ad
392 2737 543 2791 Pylum
574 2745 613 2775 et
643 2733 920 2789 Sphacteriaxn
950 2732 1123 2773 insulam
1154 2748 1177 2772 a
1199 2733 1351 2774 Cleone
1371 2733 1613 2775 Atheniensi
1639 2735 1743 2776 duce

307 2801 446 2857 captis.
507 2802 636 2840 Hunc
657 2799 850 2840 Cleonem
872 2798 994 2839 scutis
1015 2798 1419 2839 Lacedaemoniorum
1441 2799 1634 2840 dedicatis
1655 2799 1742 2855 glo-

306 2869 476 2908 riantem
503 2866 680 2907 comicus
707 2864 943 2914 introducit,
966 2880 1007 2905 se
1036 2864 1291 2904 inimicorum
1320 2865 1500 2905 omnium
1532 2880 1603 2906 ora
1627 2865 1740 2906 facil-

304 2934 399 2975 lime
418 2933 720 2974 obturaturum.
781 2931 1085 2987 Antiquitatem
1106 2930 1194 2986 ejus
1216 2931 1337 2972 moris
1357 2931 1551 2987 Virgilius
1571 2947 1738 2987 quoque
