1898 3256
566 247 658 288 AD
689 245 1167 289 PROMETHEUM.
1519 246 1603 288 103

139 361 277 402 Turn.
310 360 504 402 Aliorum
527 359 727 402 librorum
748 359 849 402 vitia
867 369 965 402 sunt
983 358 1166 411 Κιθήνης,
1189 357 1391 411 Σκυθήνης
1409 368 1466 409 et,
1488 359 1605 415 quod

136 427 177 469 in
199 428 298 470 Ald.
323 428 435 471 Rob.
457 427 622 485 legitur,
643 429 846 480 Σκυθίνης.
878 427 1175 485 Harpocratio,
1194 426 1397 478 Κισθήνης
1429 425 1607 481 Ἰσοκρά-

137 512 204 547 της
224 498 486 551 Πανηγυρικῷ
508 498 569 552 (p.
588 507 642 550 72
656 496 736 550 D.)
754 497 846 549 ὅρος
864 498 931 547 τῆς
946 494 1121 550 Θρᾴκης.
1154 498 1348 548 Κρατῖνος
1368 500 1397 519 “
1412 494 1605 537 Κάνθένδ’

139 564 203 604 ἐπὶ
233 562 406 616 τέρματα
435 566 507 617 γῆς
539 563 645 615 ἥξεις
679 564 743 605 καὶ
778 563 979 616 Κισθήνης
1013 565 1106 617 ὅρος
1141 562 1275 617 ὄψει.”
1313 563 1497 616 Κισσήνη
1529 563 1608 605 hoc

140 645 288 672 nomen
309 630 503 673 scribitur
519 631 633 688 apud
656 631 918 688 Hesychium
939 641 980 674 et
1003 631 1190 673 Suidam.

200 710 294 751 794.
326 700 480 751 δηναιαὶ
511 699 642 756 κόραι]
672 700 824 741 Vetulae
845 700 1018 756 puellae,
1040 699 1142 756 quia
1170 699 1308 742 statim
1338 715 1364 741 a
1393 699 1609 742 nativitate

140 765 292 807 vetulae
330 775 474 815 erant3
522 767 694 809 fuerunt
734 776 875 808 autem
916 768 1047 818 Eum,
1090 767 1371 824 Pemphredo,
1412 777 1454 810 et
1493 768 1609 810 Dino

141 833 294 876 Phorci
315 850 348 876 s.
373 835 599 892 Phorcynis
625 849 666 877 et
694 836 826 877 Cetus
850 835 948 877 filiae
970 837 1221 893 Gorgonum
1250 851 1434 888 sorores;
1465 845 1608 894 atque,

142 910 191 943 ut
209 902 497 960 Apollodorus
517 903 656 946 scribit
680 916 720 954 2,
741 916 786 956 4,
807 908 943 957 γραῖαι
964 905 1007 946 ἐκ
1026 907 1202 958 γενετῆς,
1222 919 1309 946 uno
1335 913 1498 947 tantum
1528 915 1610 947 tres

141 970 278 1021 oculo,
299 986 468 1027 unoque
489 971 613 1013 dente
641 971 846 1028 praeditae,
869 972 1026 1028 quibus
1055 981 1096 1014 et
1125 987 1202 1027 per
1231 971 1339 1014 vices
1369 972 1610 1015 utebantur.

143 1037 215 1080 ἕνα
234 1056 278 1080 τε
298 1039 510 1093 ὀφθαλμὸν
531 1041 571 1081 αἶ
590 1044 708 1093 τρεῖς,
730 1040 795 1081 καὶ
826 1040 898 1082 ἕνα
927 1042 1072 1083 ὀδόντα
1102 1040 1228 1095 εἶχον·
1260 1041 1323 1082 καὶ
1352 1044 1475 1083 ταῦτα
1503 1043 1611 1095 παρὰ

142 1106 261 1159 μέρος
279 1106 446 1159 ἤμειβον
466 1107 673 1159 ἀλλήλαις.
734 1108 927 1151 Eandem
946 1108 1132 1150 fabulam
1157 1108 1330 1151 mutatis
1357 1109 1608 1165 quibusdam

144 1173 334 1229 partibus
352 1174 479 1216 refert
496 1174 764 1232 Palaephatus
784 1191 817 1217 c.
835 1188 907 1231 32.
970 1175 1186 1218 Hesiodus
1205 1176 1312 1218 duas
1329 1185 1490 1219 tantum
1512 1177 1612 1219 facit

147 1241 368 1298 Theogon.
394 1252 487 1295 270.

317 1343 466 1395 Φόρκυϊ
485 1342 516 1383 δ’
539 1344 588 1384 αὖ
609 1344 723 1395 Κητὼ
745 1345 888 1397 Γραίας
907 1344 996 1386 τέκε
1017 1345 1312 1400 καλλιπαρῄους

318 1412 361 1451 ἐκ
379 1414 542 1464 γενετῆς
561 1411 717 1455 πολιάς·
748 1414 818 1455 τὰς
838 1411 884 1463 δὴ
904 1414 1049 1466 Γραίας
1069 1412 1283 1454 καλέουσιν

317 1478 511 1520 ἀθάνατοί
525 1496 569 1520 τε
589 1480 672 1521 θεοὶ
691 1481 815 1534 χαμαὶ
837 1482 1050 1535 ἐρχόμενοί
1068 1480 1100 1522 τ’
1123 1482 1322 1535 ἄνθρωποι

317 1547 516 1599 Πεφρηδώ
537 1545 567 1587 τ’
591 1545 792 1589 ἐύπεπλον
811 1546 939 1590 Ἐνυώ
960 1565 1004 1589 τε
1025 1549 1312 1601 κροκόπεπλον.
1377 1551 1442 1591 SC
1451 1551 1510 1591 H.

206 1658 300 1702 795.
324 1648 602 1702 κυκνόμορφοι]
632 1646 699 1689 Sic
719 1647 858 1698 dictae,
880 1648 979 1704 quia
1000 1664 1127 1691 canae.
1161 1651 1386 1692 STANL.

205 1713 294 1766 ὄμμ’
317 1715 523 1767 ἐκτημέναι
548 1715 709 1757 codices
727 1725 768 1757 et
790 1715 980 1757 Thomas
1002 1718 1068 1757 M.
1091 1732 1121 1758 s.
1146 1732 1183 1758 v.
1206 1719 1390 1770 κέκτημαι
1410 1727 1451 1759 et
1474 1719 1611 1760 Turn.

147 1784 254 1834 ὄμμα
284 1782 513 1835 κεκτημέναι
542 1782 644 1824 Ald.
677 1783 789 1824 Rob.
822 1789 851 1808 “
873 1784 1000 1825 Ovid.
1035 1785 1209 1826 Metam.
1239 1788 1280 1836 6,
1305 1800 1347 1838 4.
1385 1787 1614 1828 Phorcidas

148 1851 278 1891 unius
296 1851 469 1891 sortitas
488 1850 662 1890 lumini-s·
682 1850 845 1891 usum?
876 1851 1111 1893 BLOMF.

209 1919 303 1972 796.
327 1918 390 1972 ἃς]
415 1919 484 1960 τὰς
503 1917 624 1958 codd.
647 1926 729 1958 tres
749 1927 790 1959 et
813 1917 913 1959 Ald.

208 1984 288 2026 οὔθ’
308 1985 420 2035 ἥλιος
445 1985 747 2041 προσδέρκεται]
778 1985 893 2027 Citat
921 1986 1099 2028 'l‘zetzes
1121 1987 1230 2029 Chil.
1251 2001 1294 2043 3,
1312 2002 1411 2044 953.
1434 1990 1615 2046 AEschy-

149 2052 214 2093 lus
235 2050 506 2092 Homericum
529 2051 810 2102 adumbravit,
825 2052 908 2094 Od.
924 2057 975 2103 A,
995 2066 1059 2109 15.
1077 2054 1168 2096 οὐδέ
1188 2055 1271 2096 ποτ’
1294 2057 1431 2100 αὐτοὺς
1450 2056 1615 2101 Ἠέλιος

150 2120 312 2173 φαέθων
343 2119 583 2172 ἐπιδέρκεται
614 2121 857 2162 ἀκτίνεσσιν.
888 2137 984 2177 quae
1015 2132 1111 2164 sunt
1142 2123 1263 2164 etiam
1290 2124 1464 2165 Hesiodi
1489 2125 1615 2166 verba

149 2187 189 2228 in
214 2187 432 2243 Theogon.
456 2198 551 2242 759.
607 2189 718 2239 Quin
740 2198 781 2229 et
802 2204 843 2229 se
862 2189 951 2245 ipse
971 2189 1157 2232 imitatus
1176 2201 1261 2233 est:
1297 2192 1447 2234 Galen.
1469 2192 1548 2235 vol.
1574 2208 1614 2248 9.

150 2271 189 2310 p.
211 2256 310 2310 385.
332 2257 446 2296 Οὕτω
468 2257 531 2297 καὶ
553 2258 756 2310 Αἰσχύλος
776 2258 821 2297 ἐν
842 2259 1054 2311 Ξαντρίαις
1079 2258 1145 2313 [fr.
1164 2261 1278 2315 Ι58.]

323 2357 369 2400 ἃς
388 2358 477 2398 οὔτε
496 2357 645 2410 πέμφιξ
665 2357 779 2408 ἡλίου
799 2357 1085 2411 προσδέρκεται

322 2423 400 2464 οὔτ’
423 2424 654 2477 ἀστερωπὸν
675 2426 780 2475 ὄμμα
800 2423 964 2480 Λητῴας
985 2429 1110 2479 κόρης.
1174 2429 1407 2471 BLOMF.

210 2533 303 2576 799.
327 2521 541 2578 Γοργόνες]
566 2523 784 2579 Gorgones
805 2533 921 2565 erant
950 2525 1153 2582 Euryale,
1177 2527 1347 2576 Stheno,
1369 2538 1411 2570 et
1432 2529 1615 2572 Medusa

155 2589 282 2645 (apud
310 2589 563 2630 Athenaeum
589 2600 631 2643 5.
659 2605 699 2645 p.
730 2603 826 2632 221.
857 2607 907 2632 ex
936 2592 1180 2634 Alexandro
1211 2595 1394 2652 Myndio
1424 2608 1616 2640 narratur

153 2657 353 2711 Gorgona
370 2672 395 2697 a
410 2656 672 2698 Nomadibus
691 2658 734 2699 in
754 2659 892 2714 Lybia
911 2660 1062 2701 animal
1083 2660 1164 2702 dici
1183 2662 1252 2702 ovi
1273 2663 1447 2705 silvestri
1469 2665 1614 2716 simile,

151 2723 266 2779 quod
297 2724 441 2764 habitu
472 2734 513 2765 et
542 2724 743 2780 adspectu
773 2736 1034 2768 occurrentes
1063 2728 1317 2783 interimat);
1361 2731 1472 2785 εἶχον
1501 2734 1544 2774 δὲ
1575 2735 1617 2775 αἱ

153 2792 347 2844 Γοργόνες
375 2793 553 2844 κεφαλᾶς
578 2793 653 2842 μὲν
675 2793 1054 2845 περιεσπειραμένας
1074 2796 1218 2847 φολίσι
1238 2798 1473 2849 δρακόντων·
1504 2801 1617 2841 ὀδόν-

152 2876 223 2901 τας
243 2860 285 2899 δὲ
304 2859 504 2911 μεγάλους
524 2859 576 2901 ὧς
597 2863 716 2905 συῶν,
740 2860 803 2901 καὶ
822 2864 960 2913 χεῖρας
979 2866 1148 2914 χαλκᾶς,
1172 2863 1234 2904 καὶ
1251 2864 1446 2919 πτέρυγας
1464 2871 1617 2920 χρυσᾶς

154 2925 199 2966 δι’
222 2927 276 2967 ὧν
298 2926 498 2974 ἐπέτοντο,
521 2927 611 2970 τοὺς
630 2928 673 2968 δὲ
695 2928 847 2971 ἰδόντας
865 2929 1000 2972 λίθους
1027 2931 1201 2973 ἐποίουν.
1234 2933 1483 2988 Apollodor.
1508 2947 1548 2986 2,
1570 2948 1609 2987 4.

157 2993 288 3034 SCH.
