1898 3256
306 223 388 265 162
776 229 1268 269 ANNOTATIONES

307 350 347 390 p.
372 348 464 391 232.
485 337 536 387 μὴ
557 342 740 390 σκληροῖς
768 340 884 380 τύπτε
911 356 960 390 με
984 341 1216 392 χερμαδίοις.
1263 338 1484 394 Antipater
1503 338 1543 378 in
1567 339 1741 386 Nucem,

308 402 551 453 Κέκλασμαι,
573 408 747 447 πυκιναῖς
765 403 934 457 χερμάσι
953 405 1198 456 βαλλομένη.
1245 405 1281 445 A
1309 405 1460 460 populo
1485 406 1602 445 samis
1626 420 1741 460 prce-

310 474 491 509 ter-eunte
507 475 636 525 petor.
671 471 898 511 BLOMF.

366 534 599 587 ὀκριόεσσαν
619 537 788 577 A.B.C.
809 546 849 577 et
868 552 937 577 sex
957 537 1037 577 alii.
1070 536 1312 589 ὀκρυόεσσαν
1331 538 1468 592 vulgo.

366 613 463 654 301.
495 606 698 655 Διογενεῖς
727 603 926 658 producta
945 602 1099 659 syllaba
1130 603 1261 658 prima
1280 603 1434 643 dictum
1467 612 1513 643 ut
1532 603 1671 643 eodem
1704 602 1743 642 in

311 681 459 721 genere
480 667 596 708 metri
619 668 763 724 Suppl.
781 671 874 723 631.

539 739 741 787 Διογενεῖς
761 734 901 776 κλύοιτ’
924 736 1079 777 εὐκταῖα
1097 735 1204 788 γένει
1223 737 1404 789 χεούσας.

370 810 467 854 302.
489 801 570 841 θεοὶ
589 801 766 841 Α.Β.Μ.
788 801 949 857 aliique.
979 801 1010 842 ὦ
1031 803 1113 843 θεοὶ
1128 802 1266 858 vulgo.
1300 804 1449 842 Versus
1468 815 1563 856 301.
1586 814 1681 856 302.
1703 802 1743 842 in

315 880 442 907 unum
462 866 749 922 conjungendi.

372 934 467 986 306.
490 932 724 988 βαθύχθον’]
747 934 902 974 Fertile
920 934 1048 974 solum
1067 935 1287 975 habentem.
1319 935 1544 975 BLOMF.

373 1012 470 1052 309.
504 999 818 1052 εὖτραφέστατον
838 1001 949 1040 Α.Β.
975 999 1125 1054 aliique
1155 1015 1233 1040 non
1265 1001 1394 1055 pauci.
1440 1001 1748 1054 εὐτρεφέστατον

318 1064 399 1114 alii,
419 1065 524 1106 inter
542 1081 645 1121 quos
666 1067 746 1115 M.‚
769 1066 869 1106 Ald.
892 1067 1001 1107 Rob.
1025 1068 1159 1107 Turn.
1181 1076 1221 1107 et
1243 1067 1391 1107 Tzetz.
1415 1067 1574 1107 Histor.
1599 1080 1661 1117 12,
1680 1068 1746 1107 80.

374 1132 583 1188 πωμάτων]
615 1132 798 1184 πομάτων
825 1141 919 1173 ante
949 1134 1190 1173 Porsonum.
1247 1134 1484 1173 Correctum
1515 1148 1565 1173 ex
1595 1132 1746 1187 aliquot

318 1198 536 1240 codicibus.

375 1278 470 1318 310.
493 1266 614 1320 ἵησιν]
635 1267 715 1316 ἵησι
733 1265 823 1306 libri
845 1280 984 1306 omnes
1003 1275 1150 1320 praeter
1168 1264 1391 1320 marginem
1413 1266 1463 1305 B.

376 1331 595 1387 Ποσειδὰν]
619 1335 824 1372 Ποσειδῶν
841 1332 979 1387 vulgo.
1009 1334 1208 1372 Ποσειδᾶν
1229 1333 1291 1372 Μ.
1313 1331 1462 1387 aliique
1481 1331 1679 1372 nonnulli.

376 1397 580 1452 γαιάοχος]
597 1398 763 1451 γεάοχος
774 1397 877 1439 Ald.
911 1402 937 1422 “
950 1398 1152 1451 Γαιάοχος,
1162 1399 1339 1438 Terram
1354 1400 1577 1440 continens.
1593 1400 1614 1439 ὁ
1631 1398 1746 1451 ἔχων,

318 1464 440 1517 ἤγουν
457 1464 666 1515 βαστάζων
684 1464 755 1515 τὴν
773 1467 859 1516 γῆν.
905 1463 1041 1504 Schol.
1061 1464 1204 1505 Venet.
1224 1463 1264 1504 in
1288 1463 1407 1504 Iliad.
1429 1468 1480 1505 N.
1508 1476 1599 1518 125.
1644 1466 1747 1505 Cor-

320 1539 446 1571 nutus
475 1530 661 1583 γαιήοχος
694 1539 735 1571 et
766 1533 1017 1583 θεμελιοΰχος
1047 1529 1152 1570 inter
1186 1530 1374 1586 Neptuni
1407 1530 1597 1586 epitheta,
1633 1530 1748 1586 quasi

319 1596 427 1637 idem
448 1595 642 1652 pollentia
660 1605 852 1637 recenset.
889 1596 999 1637 Mire
1016 1596 1198 1637 Lexicon
1216 1597 1386 1637 Rhetor.
1405 1598 1501 1638 MS.
1516 1598 1558 1638 in
1574 1599 1750 1639 Auctar.

320 1663 499 1705 Emend.
521 1662 705 1719 Hesych.
732 1676 767 1712 1,
789 1675 885 1717 790.
908 1663 1109 1716 Γαιήοχος.
1130 1664 1274 1706 ἵππιος.
1299 1664 1375 1704 ἀπὸ
1395 1667 1463 1704 τοῦ
1481 1667 1559 1707 τοῖς
1579 1652 1751 1718 ὀχήμασι

319 1732 484 1784 χαίρειν.
524 1729 671 1784 Suppl.
694 1729 788 1783 813.
809 1728 974 1783 γαιάοχε
992 1731 1209 1782 παγκρατὲς
1228 1733 1317 1770 Ζεῦ.
1362 1730 1583 1786 Templum
1606 1734 1749 1771 Ποσει-

320 1800 440 1840 δῶνος
472 1798 666 1849 Γαιαόχου
699 1795 742 1835 in
777 1796 957 1838 Laconia
990 1805 1185 1837 memorat
1213 1796 1435 1837 Pausanias
1462 1810 1504 1851 3,
1538 1809 1604 1838 20.
1653 1796 1748 1838 Vid.

322 1862 497 1903 Secundi
521 1863 705 1903 Sentent.
726 1877 769 1917 p.
792 1875 856 1903 21.
878 1862 944 1902 ed.
967 1862 1110 1903 Gale.”
1140 1863 1370 1904 BLOMF.

375 1942 470 1984 311.
491 1929 642 1980 Τηθύος
656 1945 700 1969 τε
719 1928 871 1983 παῖδες]
893 1930 1043 1979 Τηθύος
1063 1930 1218 1982 ἔκγονα,
1241 1929 1392 1970 Oceani
1411 1928 1518 1979 filiae,
1539 1929 1749 1970 Prometh-

322 2004 416 2050 137.

375 2075 400 2116 3
412 2074 472 2104 12.
493 2061 715 2115 πολιοῦχοι]
734 2066 967 2116 πολισοΰχοι
987 2062 1142 2116 aliquot
1161 2061 1331 2102 codices.
1360 2065 1620 2115 πολισσοῦχοι
1640 2061 1750 2102 Rob.

376 2141 471 2182 313.
494 2128 592 2181 θεοὶ]
619 2128 699 2167 τεοὶ
719 2126 819 2167 Ald.

377 2205 475 2248 315.
510 2193 571 2233 καὶ
589 2193 676 2247 τᾶν]
703 2194 898 2248 Ineptum
921 2193 1248 2248 supplementum
1270 2193 1437 2243 librarii,
1459 2192 1531 2247 qui
1557 2207 1638 2233 non
1664 2193 1749 2233 ani-

321 2260 590 2301 madverterat
620 2259 919 2299 substantivum
955 2259 1173 2299 desiderari
1202 2274 1295 2300 cum
1332 2258 1628 2311 ἀνδρολέτειραν
1658 2274 1753 2299 con-

314 2325 588 2382 jungendum.
626 2324 894 2365 Scribendum
916 2325 1212 2377 ἀνδρολέτειραν
1238 2323 1245 2380 Ι
1271 2326 1404 2374 νόσον,
1424 2326 1624 2377 ῥίψοπλον
1641 2326 1750 2366 ἄταν.

321 2392 398 2433 nisi
417 2392 510 2447 quis
529 2394 672 2432 νοῦσον
691 2391 894 2446 praeferat,
915 2406 1043 2446 quum
1066 2392 1216 2432 νούσων
1236 2390 1376 2431 eodem
1397 2390 1438 2430 in
1468 2405 1615 2445 genere
1635 2391 1754 2432 metri

320 2459 482 2514 legatur
503 2457 647 2513 Suppl.
670 2459 763 2508 684.
785 2457 837 2497 de
856 2472 939 2512 quo
958 2472 1035 2512 ego
1053 2456 1109 2497 ita
1130 2456 1257 2497 sentio
1277 2466 1324 2497 ut
1349 2456 1429 2497 illic
1458 2457 1595 2512 potius
1624 2458 1754 2499 νόσων

321 2524 621 2581 praeferendum
653 2538 846 2564 censeam.
907 2524 1014 2563 Nam
1049 2522 1247 2563 librorum
1281 2522 1322 2562 in
1354 2522 1430 2564 hac
1461 2538 1505 2563 re
1535 2523 1754 2564 auctoritas

322 2593 441 2648 plane
461 2590 574 2631 nulla
592 2600 665 2631 est.

378 2659 576 2710 ῥίψοπλος
600 2658 686 2697 ἄτα.
738 2657 965 2697 Calamitas
988 2671 1079 2712 quae
1107 2663 1263 2697 scutum
1284 2670 1399 2712 quem
1427 2657 1600 2711 abjicere
1627 2659 1752 2713 cogit.

324 2730 352 2749 ‘⁴
370 2725 510 2765 Solent
529 2723 633 2763 enim
651 2722 796 2763 milites
809 2722 942 2777 fugati
961 2737 1073 2762 arma
1092 2723 1279 2777 abjicere,
1294 2737 1378 2777 quo
1393 2722 1521 2777 magis
1540 2722 1754 2777 perniciter

321 2790 522 2830 avolent.''
553 2789 755 2830 Stanleius
771 2805 780 2829 ε
812 2788 883 2844 qui
897 2789 993 2829 citat
1008 2788 1222 2844 Aristoph.
1237 2790 1358 2841 Vesp.
1377 2798 1442 2841 27.
1461 2789 1604 2828 Δεινόν
1617 2805 1664 2840 γε
1678 2790 1753 2829 πού

320 2855 392 2896 ’στ’
415 2857 613 2907 ἄνθρωπος
643 2856 858 2906 ἀποβαλὼν
882 2856 998 2895 ὅπλα.
1044 2854 1200 2895 Polluc.
1223 2857 1263 2904 6,
1283 2856 1350 2909 36.
1371 2853 1595 2907 Ῥίψασπις.
1628 2854 1690 2894 ἐπὶ
1710 2856 1753 2894 δὲ

322 2923 456 2962 τούτου
473 2923 492 2961 ὁ
510 2920 680 2961 Πλάτων
700 2921 835 2973 φησὶν,
851 2919 1064 2973 Ῥίψασπις
1081 2922 1154 2972 μὲν
1169 2923 1243 2973 γὰρ
1260 2921 1328 2961 οὐκ
1344 2922 1387 2961 ἐν
1401 2924 1521 2961 πᾶσιν
1540 2919 1750 2971 ὀνομάζοιτ’

321 2988 371 3030 ἂν
397 2989 556 3038 δικαίως,
588 2987 809 3038 ἀποβολεὺς
839 2988 880 3027 δὲ
909 2988 1054 3028 ὅπλων.
1100 2987 1237 3028 Locus
1267 2996 1325 3028 est
1356 2988 1486 3042 Legg.
1508 2999 1569 3029 12.
1595 3001 1636 3042 p.
1655 2986 1748 3040 687.
