1898 3256
345 231 430 271 220
813 235 900 276 AN
904 236 1231 278 NOTATION
1236 238 1307 278 ES

404 342 500 395 956.
533 342 712 398 ἕστακεν]
744 344 883 387 ἕστακε
913 346 943 386 δ’
975 346 1111 402 vulgo,
1143 348 1255 402 quod
1286 347 1569 389 revocandum.
1613 348 1777 390 ἕστακεν

347 404 377 446 δ’
400 407 465 448 Μ.

402 474 608 530 τροπαῖον]
629 478 812 530 τρόπαιον
831 478 967 535 vulgo.

401 549 497 595 959.
518 543 734 599 ἐθείνοντο]
758 546 956 587 ἐθείναντο
976 547 1110 588 Viteb.

401 609 496 662 960.
519 608 633 660 ἔληξε
647 612 811 668 δαίμων]
835 612 942 664 ἔληξ’
962 615 983 654 ὁ
1004 615 1149 665 δαίμων
1168 615 1277 655 ΑΒ.
1299 623 1341 656 et
1360 614 1542 670 quinque
1560 612 1642 654 alii.

401 676 497 728 961.
519 676 573 716 In
591 676 755 718 alternis
773 693 868 734 quae
889 689 1117 735 sequuntur
1137 681 1254 722 dictis
1272 682 1567 723 observandum
1589 689 1663 730 est,
1683 679 1775 719 An-

343 739 509 795 tigonen
539 757 696 798 semper
724 744 777 785 de
806 744 1014 801 Polynice,
1035 747 1221 789 Ismenen
1244 763 1340 789 vero
1369 747 1421 789 de
1449 747 1618 789 Eteocle
1648 745 1773 801 loqui.

344 807 474 848 SCH.

399 874 450 915 σὺ
487 874 518 915 δ’
553 875 689 918 ἔθανες
720 877 987 932 κατακτανών]
1024 880 1157 920 Verba
1193 895 1218 921 a
1255 890 1478 922 correctore
1509 880 1677 921 metrico
1709 878 1771 919 in-

341 940 553 996 terpolata,
573 942 645 997 qui
665 943 867 984 senarium
897 944 1051 986 efficere
1070 946 1213 988 voluit.
1277 948 1546 988 Manifestum
1576 956 1636 988 est
1664 947 1773 987 idem

340 1006 489 1048 horum
510 1009 725 1050 verborum
746 1020 920 1052 metrum
941 1026 1026 1052 esse
1040 1012 1187 1054 debere
1206 1014 1319 1069 quod
1334 1013 1667 1070 praecedentium,
1683 1012 1773 1068 qui-

339 1073 418 1115 bus
446 1076 708 1131 respondent,
729 1079 909 1121 παισθεὶς
938 1079 1113 1123 ἔπαισας.
1173 1080 1296 1130 Quod
1324 1080 1611 1122 animadvertit
1630 1079 1768 1120 Lach-

338 1155 513 1182 mannus
541 1157 584 1198 p.
616 1156 684 1198 94.
714 1144 785 1199 qui
816 1145 951 1189 ἔθανες
980 1145 1168 1189 κατακτάς
1197 1146 1382 1203 conjecit,
1411 1147 1454 1187 in
1484 1162 1569 1203 quo
1600 1145 1770 1188 offendit

336 1217 581 1264 anapaestus·

394 1275 530 1319 ἔθανες
558 1278 823 1331 κατακτανών]
848 1278 983 1321 ἔθανες
1010 1280 1159 1320 κτανών
1179 1280 1229 1321 F.
1250 1280 1429 1321 vindob.
1450 1279 1608 1335 primus
1626 1289 1667 1321 et
1686 1279 1766 1320 Ve-

335 1350 455 1383 netus
474 1343 688 1384 secundus.
720 1343 856 1387 ἔθανες
874 1345 1083 1386 κάκτανών
1103 1346 1245 1387 Guelf.
1275 1346 1431 1390 ἔκτανες
1450 1347 1578 1388 θανών
1598 1347 1649 1388 Β.

393 1410 488 1464 962.
511 1409 646 1454 ἔκανες
666 1411 943 1453 Hermannus.
974 1413 1130 1456 ἔκτανες
1149 1412 1254 1454 libri.

391 1478 487 1531 963.
515 1478 770 1532 μελεόπονος]
794 1479 876 1526 Qui
899 1480 1050 1520 misera
1079 1480 1320 1530 elaboravit,
1341 1479 1381 1520 vi
1400 1480 1545 1531 activa,
1566 1489 1614 1521 ut
1641 1481 1764 1521 πολύ-

335 1560 457 1585 πονον
496 1546 586 1597 δόρυ
626 1545 739 1586 Pers.
776 1559 870 1600 320.
909 1547 1167 1597 μελεοπαθὴς,
1203 1548 1275 1602 qui
1309 1547 1461 1587 misera
1496 1560 1651 1602 passus
1693 1552 1765 1587 est.

335 1610 564 1651 BLOMF.

391 1678 485 1731 964.
508 1677 819 1736 δάκρυα-γόος]
843 1679 1108 1721 Scribendum
1130 1680 1290 1721 inverso
1309 1680 1450 1721 ordine
1475 1679 1767 1733 γόος-δάκρυα

333 1759 427 1785 cum
447 1745 678 1787 A.B.E.N.
702 1755 743 1787 et
763 1755 915 1802 septem
937 1745 1038 1797 aliis,
1059 1747 1202 1800 δάκρυα
1221 1757 1357 1788 autem
1386 1747 1428 1788 in
1458 1747 1574 1799 δάκρυ
1603 1756 1766 1788 mutan-

333 1810 433 1851 dum
454 1826 547 1852 cum
569 1812 849 1854 Lachmanno.

389 1880 489 1933 965.
531 1883 618 1920 AN.
657 1881 902 1932 προκείσεται
945 1880 1148 1936 κατακτάς]
1188 1880 1455 1922 Scribendum
1499 1894 1592 1922 cum
1633 1880 1767 1922 Lach-

331 1960 482 1987 manno

672 2034 759 2070 AN.
789 2033 1043 2082 πρόκεισαι-

672 2101 736 2137 ΙΣ.
770 2097 970 2139 κατακτάς.

332 2212 535 2263 πρόκεισαι
554 2211 839 2267 corrigendum
860 2226 944 2252 esse
960 2210 1115 2251 viderat
1136 2211 1411 2252 Hermannus.

390 2278 908 2333 966—977=978-—989-

391 2345 487 2399 966.
520 2344 745 2400 Antigonae
778 2344 889 2385 hunc
919 2358 1111 2384 versuum
1146 2351 1253 2384 recte
1284 2344 1428 2386 tribuit
1460 2345 1764 2388 Lachmannus.

334 2413 394 2452 Et
423 2411 478 2452 sic
507 2411 655 2468 partim
685 2411 796 2452 Rob.
823 2411 989 2466 duoque
1017 2410 1186 2462 codiceS‚
1215 2410 1288 2466 qui
1316 2411 1625 2454 exclamationes
1649 2413 1696 2464 ἠὲ
1719 2414 1765 2465 ἠὲ

336 2477 523 2527 Ismenae‚
544 2476 739 2532 reliquam
760 2491 898 2518 versus
916 2486 1073 2532 partem
1093 2476 1319 2532 Antigonae
1339 2476 1541 2518 tribuunt.

390 2543 437 2594 ἠὲ
455 2543 516 2598 ἠὲ]
536 2543 708 2584 Eaedem
734 2542 1030 2599 interjectiones
1054 2543 1249 2599 leguntur
1268 2542 1309 2583 in
1329 2558 1447 2584 versu
1476 2542 1767 2598 antistrophico

336 2610 432 2663 978.
454 2610 496 2650 in
519 2609 665 2665 Suppl.
687 2610 781 2664 831.
801 2619 840 2650 et
861 2609 1031 2665 simplex
1050 2610 1095 2661 ἠὲ
1114 2610 1156 2650 in
1176 2609 1308 2650 Persis
1325 2611 1421 2664 569.
1441 2619 1538 2663 577.
1555 2611 1652 2663 652.
1669 2611 1764 2664 657.

335 2675 450 2717 Nihil
470 2676 522 2717 de
541 2676 618 2717 hoc
639 2677 684 2728 ἠὲ
703 2692 727 2717 a
748 2691 956 2732 quoquam
981 2675 1334 2732 grammaticorum
1363 2675 1557 2716 traditum
1581 2675 1662 2716 vidi
1691 2691 1764 2717 nec

335 2743 416 2784 scio
445 2743 555 2784 unde
582 2743 735 2784 librarii
763 2743 1025 2798 cognoverint
1054 2743 1166 2799 quod
1193 2743 1334 2799 tragici
1359 2742 1598 2798 scripserant
1618 2747 1699 2794 EE,
1719 2743 1764 2784 id

335 2817 488 2866 septem
509 2810 587 2851 illis
605 2810 647 2850 in
669 2809 851 2851 versibus
871 2809 1061 2865 AEschyli
1083 2811 1140 2862 ἠὲ,
1162 2810 1202 2850 in
1233 2810 1400 2866 reliquis
1423 2810 1613 2851 omnibus
1641 2810 1763 2866 tragi-

335 2892 475 2918 corum
494 2877 592 2918 locis
614 2877 632 2918 ἓ
653 2877 672 2918 ἓ
690 2876 752 2918 vel
773 2878 813 2917 ἐὲ
839 2876 1074 2932 significare.
1135 2876 1258 2926 Mihi,
1283 2891 1413 2932 quum
1444 2880 1512 2917 EE
1541 2877 1652 2932 apud
1683 2886 1762 2918 tra-

333 2943 444 2999 gicos
463 2944 585 2986 modo
604 2943 827 3000 pyrrhichii
847 2943 969 2985 modo
987 2943 1110 2986 iambi
1125 2958 1353 2985 mensuram
1373 2943 1537 2995 habeat,
1558 2958 1760 3000 nusquam
