1898 3256
545 210 635 251 AD
667 207 1144 251 PROMETHEUM.
1526 208 1583 249 35

111 322 241 365 fuisse
261 323 442 377 εὗῶρους,
463 324 563 365 bene
585 327 798 373 curantes,
819 320 894 378 qui
924 320 1027 362 nihil
1047 319 1217 362 omnino
1235 319 1463 366 curabant;
1497 334 1583 375 quo

113 390 270 432 factum
298 399 359 433 est
385 403 432 432 ut
452 405 534 432 vox
564 390 656 440 ista,
687 403 808 431 sensu
839 388 1039 446 primario
1066 388 1234 446 penitus
1258 386 1422 436 amisse,
1445 387 1582 444 negli-

108 465 258 516 gentes
287 458 453 500 tandem
486 457 747 514 significaret.
811 456 893 498 Sed
924 457 1061 498 locum
1093 455 1340 513 Etymologi
1370 454 1583 511 integrum

111 541 334 583 apponam.
393 527 558 580 Εὕωροι·
591 526 936 579 ἀπαραφύλακτοι,
968 526 1140 577 ἀμελεῖς·
1175 523 1199 576 ἢ
1229 525 1432 577 ὀλίγωροι,
1465 539 1582 564 κατα-

113 595 354 647 φρονητικοί·
386 595 494 648 παρὰ
512 593 557 635 τὸ
579 593 754 646 εὗωρεῖν,
777 594 800 634 ὅ
825 595 912 635 ἐστι
941 593 1183 647 φυλάσσειν,
1207 593 1306 634 κατὰ
1327 592 1582 644 ἀντίφρασιν,

113 664 151 703 οἳ
171 663 515 715 ἀπαραφύλακτοι.
570 661 795 714 Εὐφορίων,
818 660 925 703 Οὑδέ
945 678 1006 702 τοι
1028 662 1166 714 εὕωροι
1186 659 1324 702 θυέων.
1369 658 1393 711 ἢ
1413 660 1521 712 παρὰ
1540 658 1585 700 τὸ

114 731 157 771 εὖ
179 730 242 771 καὶ
261 729 333 781 τὴν
353 730 460 782 ὤραν
479 729 551 780 τὴν
571 729 776 782 φροντίδα,
800 730 898 770 κατὰ
914 730 1156 782 ἀντίφρασιν
1176 729 1331 780 εὔωρος,
1354 728 1375 768 ὁ
1395 727 1448 778 μὴ
1463 731 1585 780 φρον-

112 798 240 846 τίζων.
272 798 315 848 ἐξ
335 797 380 837 οὗ
401 797 465 838 καὶ
487 796 642 849 εὐωρία,
662 796 688 848 ἡ
708 797 900 849 ὀλιγωρία
920 796 984 837 καὶ
1004 796 1189 849 ῥαθυμία.
1220 795 1456 836 BLOMF.
1502 794 1584 845 Qui

113 864 334 918 εὖωριάζειν
353 863 547 915 restituit,
563 872 690 914 recte,
710 873 758 905 ut
777 863 968 905 videtur:
999 878 1125 920 quam
1143 863 1471 905 emendationem
1489 862 1585 904 sub-

111 934 364 977 indicaverat
385 935 598 975 Porsonus
620 933 742 975 obelo
761 933 944 989 vulgatae
963 932 1128 975 lectioni
1150 932 1354 990 apposito.
1395 932 1583 986 Ἐξωριά-

111 1008 192 1051 ζειν
211 1001 285 1059 qui
312 1001 554 1052 defendent,
576 1003 750 1043 fortasse
772 1000 976 1058 Hesychii
1006 1001 1143 1057 glossa
1163 1011 1352 1051 utentur,
1373 1015 1458 1056 qua
1483 1002 1583 1042 ἐπω·

112 1070 274 1122 ριάζειν,
290 1072 462 1111 verbum
484 1069 654 1111 aliunde
675 1084 757 1110 non
779 1070 1009 1125 cognitum,
1031 1084 1107 1126 per
1126 1072 1319 1122 μεριμνᾶν
1338 1068 1584 1125 explicatur,

112 1138 181 1179 cui
201 1137 440 1194 oppositum
461 1153 548 1179 esse
570 1137 697 1192 possit
717 1136 955 1190 ἐξωριάζειν.

174 1219 238 1260 19.
260 1205 407 1247 ἄκοντά
427 1204 464 1246 σ’
486 1206 609 1260 ἄκων]
635 1204 764 1247 ἄκοντ’
782 1206 889 1246 ἄκων
909 1222 956 1247 σε
976 1204 1081 1247 Ald.
1100 1204 1211 1246 Rob.
1230 1214 1272 1245 et
1292 1204 1424 1246 codex
1447 1219 1569 1245 unus.

172 1286 239 1316 20.
269 1274 668 1327 προσπασσαλεύσω]
703 1274 1070 1326 προσπατταλεύσω
1102 1272 1214 1314 Rob.
1247 1282 1289 1314 et
1321 1271 1443 1313 codd.
1479 1287 1583 1314 non-

111 1340 230 1382 nulli.

169 1408 299 1464 πάγῳ]
332 1409 438 1463 τόπῳ
475 1409 541 1449 Μ.
569 1407 681 1449 Rob.
713 1417 755 1449 et
786 1407 919 1449 codex
950 1407 1164 1464 Stephani.
1216 1408 1373 1464 Margo
1401 1407 1584 1449 duorum

112 1476 300 1518 codicum
324 1477 468 1531 τρόπῳ,
483 1475 596 1532 quod
619 1486 864 1532 corruptum
887 1490 939 1517 ex
961 1477 1084 1531 τόπῳ,
1108 1475 1232 1516 unius
1252 1474 1376 1516 etiam
1398 1477 1495 1529 ὄρει.

172 1558 240 1588 21.
269 1544 428 1598 μορφὴν
453 1545 629 1599 βροτῶν]
663 1548 820 1597 βροτῶν
839 1544 999 1598 μορφὴν
1015 1544 1127 1585 Rob.
1159 1543 1319 1597 μορφὴν
1339 1547 1441 1585 θεῶν
1460 1545 1586 1587 inter-

112 1614 298 1670 polatum
319 1612 362 1652 in
383 1611 499 1653 libris
519 1611 661 1653 multis
680 1611 991 1653 recentioribus.

172 1693 239 1723 22.
270 1682 367 1734 ὄψει
393 1694 467 1736 per
488 1695 664 1735 zeugma
686 1679 861 1720 relatum
883 1679 936 1720 ad
958 1679 1110 1732 φωνήν.
1164 1679 1231 1720 Sic
1253 1681 1399 1721 κτύπον
1420 1679 1586 1733 δέδορκα

115 1748 229 1804 Sept.
250 1747 304 1789 ad
326 1747 411 1788 Th.
432 1761 526 1802 103.
560 1748 784 1789 STANL.

171 1816 316 1871 φοίβῃ]
351 1815 500 1868 φοίβου
524 1814 706 1856 scholion
730 1813 1004 1855 Homericum
1027 1814 1371 1870 Wassenberghii
1392 1815 1445 1856 ad
1469 1816 1520 1856 Il.
1543 1834 1582 1863 α,

113 1894 210 1936 47.:
245 1882 316 1923 sed
348 1883 476 1938 φοίβῃ
507 1881 760 1924 Eustathius
790 1897 831 1937 p.
853 1883 926 1936 38,
947 1895 988 1935 3.
1019 1895 1092 1933 40,
1114 1882 1183 1937 36.
1217 1883 1341 1932 1266,
1359 1884 1428 1935 46.
1460 1886 1582 1938 1446,

112 1963 182 2006 32.
215 1950 447 1991 BLOMF.

173 2032 239 2075 23.
269 2022 406 2073 χροιᾶς
435 2019 619 2071 ἀμείψεις
649 2019 787 2073 ἄνθος]
824 2017 930 2058 Solis
956 2017 1062 2058 radii
1090 2018 1155 2059 vel
1183 2018 1338 2060 doloris
1362 2019 1584 2077 longitudo

112 2086 288 2129 colorem
311 2095 500 2127 mutant:
537 2085 618 2126 vid.
641 2085 894 2141 Hippocrat.
917 2085 1084 2142 Aphor.
1101 2100 1144 2138 4,
1161 2101 1229 2140 40.
1254 2097 1294 2129 et
1318 2099 1355 2141 7,
1371 2090 1439 2130 60.
1462 2089 1584 2130 Thu-

113 2153 207 2211 cyd.
226 2154 296 2208 87.
329 2154 484 2195 Genes.
502 2166 573 2209 31,
589 2165 661 2203 40.
687 2153 974 2209 Chrysostom.
998 2152 1051 2194 de
1071 2153 1208 2195 Paulo
1229 2157 1381 2211 Apost.
1403 2171 1448 2212 p.
1470 2156 1583 2198 xviii.

113 2221 388 2277 Epigramma
406 2220 521 2276 apud
551 2220 754 2262 Brunckii
776 2220 905 2262 Anal.
926 2220 1010 2262 vol.
1030 2234 1070 2276 3.
1094 2236 1137 2278 p.
1163 2232 1257 2277 155.
1281 2222 1483 2264 ἀπέπτατο
1504 2228 1584 2265 πᾶν

114 2288 191 2330 ἀπὸ
221 2292 356 2343 χροιῆς
378 2287 541 2332 Ἀνθος.
603 2288 770 2330 Horatii
795 2287 936 2344 Epod.
963 2301 1030 2341 17,
1056 2302 1125 2343 25.
1147 2291 1403 2346 comparavit
1424 2291 1584 2333 Wake-

113 2355 226 2397 field.
247 2356 301 2397 ad
324 2356 453 2413 Soph.
476 2357 631 2398 Trach.
653 2370 725 2411 30.
766 2356 896 2397 Adde
916 2357 1069 2413 Eurip.
1093 2356 1269 2413 Hippol.
1298 2367 1392 2413 177.
1414 2361 1454 2400 τί
1472 2359 1583 2411 δεδή-

112 2429 231 2475 ληται
250 2423 370 2476 δέμας
390 2425 620 2478 ἀλλόχροον
638 2425 865 2475 βασιλείας.
899 2423 1024 2465 Solon
1041 2440 1109 2480 ap.
1128 2424 1259 2466 Clem.
1277 2425 1403 2467 Alex.
1427 2442 1468 2483 p.
1486 2428 1582 2480 814.

112 2506 138 2532 a
158 2491 346 2532 Porsono
365 2490 531 2541 citatus,
550 2493 687 2544 χροιῆς
708 2492 826 2534 ἄνθος
847 2492 1126 2544 ἀμειβομένης.
1158 2494 1395 2534 BLOMF.

172 2570 240 2610 24.
269 2559 293 2610 ἡ
315 2559 568 2610 ποικιλείμων
593 2557 683 2614 νὺξ]
717 2561 830 2600 Κατὰ
849 2559 893 2600 τὸ
915 2561 959 2600 ἐν
980 2561 1141 2613 ἄστροις
1169 2562 1353 2601 ποικίλον
1373 2561 1489 2612 αὐτῆς
1518 2561 1582 2602 in-

114 2625 207 2681 quit
226 2625 422 2666 Eustath.
444 2641 486 2681 p.
509 2627 610 2678 814,
635 2638 702 2680 23.
736 2627 959 2668 STANL.
1014 2627 1165 2682 Eurip.
1189 2628 1287 2668 Hel.
1315 2629 1440 2682 1096.
1463 2629 1583 2669 ἀστέ-

113 2709 195 2745 ρων
228 2693 480 2744 ποικίλματα.
530 2692 667 2748 Orph.
700 2694 863 2748 Argon.
890 2695 1011 2734 1026.
1046 2695 1293 2748 ἀστροχίτων
1324 2696 1404 2745 νύξ.
1453 2696 1582 2752 Soph.

115 2759 271 2800 Trach.
298 2773 368 2814 94.
400 2760 519 2800 αἰόλα
549 2760 629 2810 νύξ.
663 2760 814 2815 Eurip.
847 2760 996 2801 Pirith.
1028 2761 1080 2802 fr.
1107 2773 1145 2811 2,
1173 2775 1216 2813 4.
1250 2762 1317 2812 νὺξ
1348 2764 1579 2817 αἰολόχρως.

113 2826 370 2883 comparavit
392 2825 597 2867 Griffiths.

174 2906 241 2946 27.
264 2895 285 2934 ὁ
305 2892 528 2947 λωφήσων]
555 2892 776 2944 Hercules,
799 2893 852 2934 de
872 2909 958 2950 quo
978 2909 1018 2936 ν.
1036 2895 1135 2949 872.

177 2963 242 3002 28.
274 2961 462 3015 ἐπηύρου]
503 2960 746 3017 Legebatur
778 2962 936 3014 ἀπηύρω
969 2962 1248 3005 consentiente
1284 2965 1509 3007 Eustathio
1542 2983 1583 3023 p.

814 3043 841 3068 E
867 3041 890 3070 2
