1898 3256
343 234 399 275 56
820 236 1310 276 ANNOTATIONES

347 343 471 384 schol.
510 343 550 383 in
591 342 711 383 Pind.
750 344 814 383 01.
855 357 893 394 4,
936 357 995 384 11.
1054 343 1257 384 Nicander
1298 341 1541 396 AEschylum
1582 341 1777 395 sequitur.

349 410 576 450 BLOMF.

405 477 590 515 Κιλικίων
610 474 788 526 οἰκήτορα
817 474 981 528 ἄντρων]
1013 474 1181 515 Pindar.
1203 474 1329 528 Pyth.
1356 487 1391 523 1,
1413 487 1490 528 31:
1522 474 1664 526 Τυφὼς
1694 473 1780 512 ἑκα-

348 540 642 592 τοντακάρανος,
665 541 733 580 τόν
752 556 846 580 ποτε
874 541 1048 580 Κιλίκιον
1069 540 1218 592 θρέψεν
1237 541 1491 590 πολυώνυμον
1511 540 1664 591 ἄντρον,
1686 552 1780 592 quae

348 606 561 647 scholiasta
580 606 765 646 Hesiodo
784 606 939 646 tribuit.
972 607 1188 646 STANL.

403 683 501 726 353.
533 672 840 724 ἑκατογκάρηνον
871 671 1073 712 Pauwius.
1117 670 1467 724 ἑκατοντακάρηνον
1495 670 1601 719 libri,
1634 669 1782 709 usitato

347 739 389 778 in
420 738 655 793 hujusmodi
686 738 918 793 compositis
949 753 1082 779 errore
1112 737 1382 778 librariorum.
1430 733 1497 777 Sic‘
1531 738 1779 776 ἑκατοντακε-

349 803 461 857 φάλα
479 819 555 859 pro
576 802 872 856 ἑκατογκεφάλα
891 803 1047 844 codices
1067 803 1204 858 plures
1222 804 1263 843 in
1285 818 1402 843 versu
1423 801 1666 857 anapaestico
1685 799 1781 840 Ari-

349 870 484 925 stoph.
518 869 631 910 Nub.
661 872 759 923 336.
813 870 1005 909 Ceterum
1042 870 1232 909 Doricam
1267 869 1437 908 formam
1472 864 1782 920 ἑκατογκάρανον

349 944 456 976 recte
483 934 694 975 restituere
712 934 874 975 videtur
895 934 1177 983 Blomfieldus,
1199 949 1325 989 quum
1360 937 1618 986 καρανοῦσθαι
1646 940 1687 973 et
1718 949 1782 972 κα-

348 1000 534 1052 ρανιστήρ
553 999 731 1040 dixerint
751 1000 907 1054 tragici,
929 1014 1008 1040 non
1041 1003 1300 1052 καρηνοῦσθαι
1319 1010 1358 1040 et
1380 998 1621 1051 καρηνιστήρ.
1667 996 1784 1038 Ἑκα-

349 1065 581 1118 τογκάρανοι
609 1065 721 1120 apud
755 1065 1012 1120 Hesychium
1041 1075 1114 1114 est,
1144 1065 1213 1106 sed
1247 1080 1341 1106 cum
1371 1063 1700 1120 interpretatione
1728 1063 1782 1104 ad

348 1133 483 1182 aliam,
504 1147 598 1187 quae
618 1132 784 1182 excidit,
803 1134 978 1187 glossam
1000 1132 1222 1173 referenda.

405 1209 502 1252 354.
532 1201 652 1238 πᾶσιν
671 1198 713 1240 ὃς
732 1198 876 1249 ἀνέστη
900 1198 1017 1252 θεοῖς]
1049 1198 1287 1253 Legebatur
1307 1198 1485 1248 ἀντέστη,
1507 1196 1619 1251 quod
1648 1210 1783 1236 emen-

350 1265 461 1305 davit
482 1263 821 1305 Wunderlichius
850 1279 890 1318 p.
915 1276 978 1316 27.
1010 1264 1079 1304 sed
1108 1279 1296 1320 perversa
1323 1272 1527 1304 structura
1550 1262 1781 1310 verborum,

351 1330 395 1373 ὃς
429 1330 572 1381 ἀνέστη
607 1331 768 1382 συρίζων
806 1331 931 1382 φόνον
965 1333 1086 1370 πᾶσιν
1119 1333 1220 1373 θεοῖς
1253 1332 1483 1381 σμερδναῖσι
1522 1331 1782 1381 γαμφηλαῖσι.

352 1397 493 1438 Dativi
514 1400 635 1438 πᾶσιν
655 1400 756 1439 θεοῖς
775 1396 827 1437 ab
847 1395 991 1446 ἀνέστη
1012 1396 1204 1450 pendent.
1264 1396 1331 1435 Ita
1353 1396 1562 1435 Homerus
1593 1393 1711 1434 Iliad.
1732 1396 1782 1442 Ψ,

352 1465 446 1518 634

521 1519 594 1569 πὺξ
612 1520 685 1570 μὲν
706 1519 866 1569 ἐνίκησα
887 1519 1150 1569 Κλυτομήδεα,
1167 1516 1346 1560 Ἤνοπος
1365 1517 1465 1564 υἱὸν,

520 1583 708 1637 Ἀγκαῖον
727 1586 768 1625 δε
789 1584 894 1635 πάλῃ
914 1585 1177 1636 Πλευρώνιον,
1200 1584 1242 1626 ὅς
1260 1600 1325 1634 μοι
1345 1583 1502 1633 ἀνέστη.

351 1676 447 1716 quae
477 1660 548 1701 ubi
575 1661 692 1701 affert
713 1660 916 1701 Aristides
935 1660 1017 1700 vol.
1041 1672 1078 1702 2.
1094 1675 1135 1715 p
1153 1670 1247 1714 503.
1279 1660 1318 1700 in
1350 1659 1454 1700 libro
1478 1659 1656 1714 quodam
1689 1658 1783 1698 Flo-

350 1727 509 1767 rentino
530 1726 615 1782 pari
636 1741 771 1766 errore
791 1726 958 1776 ἀντέστη
979 1726 1187 1781 scriptum.

409 1799 504 1843 355.
542 1789 786 1843 σμερδναῖσι]
826 1793 991 1830 δειναῖσι
1026 1789 1135 1830 Rob.
1168 1804 1262 1830 cum
1298 1790 1455 1830 Tzetza
1487 1789 1539 1828 ad
1575 1788 1783 1843 Lycophr.

358 1866 452 1907 177,
485 1854 556 1895 ubi
597 1865 731 1895 tamen
766 1855 894 1896 codex
934 1859 1177 1908 σμερδναῖσι,
1218 1864 1259 1895 et
1296 1854 1484 1895 Eudocia
1514 1870 1554 1910 p.
1582 1856 1678 1905 406.
1715 1853 1786 1895 ubi

354 1925 498 1962 διναῖσι
517 1921 725 1976 scriptum.

411 1988 674 2041 γαμφηλαῖσι]
704 1990 936 2040 γαμφηλῇσι
968 1988 1065 2028 Ald.
1098 1989 1233 2028 Turn.
1263 1996 1303 2027 et
1333 1987 1450 2027 codd.
1487 1986 1653 2040 quidam
1690 1987 1785 2038 (non

357 2054 439 2106 M.)
462 2067 554 2093 cum
577 2053 798 2093 Eustathio
827 2069 866 2108 p.
887 2065 983 2107 579,
1015 2053 1154 2093 Ionica
1183 2052 1304 2094 dativi
1336 2053 1479 2101 fornia,
1507 2066 1630 2106 quam
1662 2053 1785 2107 tragi-

355 2118 411 2159 cis
430 2133 510 2158 non
532 2133 624 2158 raro
641 2118 869 2158 intulerunt
888 2118 1039 2159 librarii
1061 2120 1245 2159 Homero
1264 2118 1434 2159 adsueti.

412 2184 554 2238 φόνον]
575 2185 707 2237 φόβον
730 2185 855 2224 1).Μ.
877 2184 986 2225 Rob.

413 2249 510 2304 358.
550 2249 762 2304 ἄγρυπνον]
798 2250 934 2302 ἄγριον
966 2249 1082 2290 codd.
1115 2249 1284 2304 aliquot.
1329 2254 1355 2274 “
1371 2266 1434 2301 γρ.
1467 2249 1602 2301 ἄγριον
1629 2247 1788 2291 σέλας.”

359 2315 503 2371 Steph.

413 2392 510 2436 359.
539 2380 787 2436 καταιβάτης]
809 2383 1050 2423 Descensor.
1083 2386 1159 2422 τῶν
1179 2385 1372 2433 κεραυνῶν
1391 2382 1428 2421 οἱ
1450 2382 1522 2432 μὲν
1544 2378 1785 2431 καταιβάται,

358 2449 396 2489 οἶ
415 2450 456 2488 δὲ
475 2449 706 2501 ψολόεντες,
738 2450 775 2489 οἱ
804 2449 845 2488 δὲ
872 2449 1033 2500 ἆργῆτες
1063 2452 1281 2495 καλοῦνται,
1314 2449 1364 2490 ὡς
1377 2445 1550 2499 Ὅμηρος
1570 2447 1787 2497 ὠνόμασεν.

360 2514 496 2555 Schol.
516 2513 568 2554 ad
590 2513 804 2568 Aristoph.
826 2513 970 2568 Equit.
993 2516 1087 2568 693.
1111 2529 1135 2554 a
1158 2513 1336 2555 Stanleio
1354 2513 1513 2553 citatus.
1545 2511 1788 2561 Bidentalia‚

359 2580 440 2621 sive
458 2581 546 2620 loca
565 2579 730 2635 fulgure
746 2588 943 2628 contacta,
967 2580 1102 2620 Graeci
1135 2580 1321 2631 ἐνηλύσια
1347 2579 1557 2628 vocabant,
1579 2587 1702 2632 atque
1723 2578 1789 2618 Διὶ

360 2645 572 2698 καταιβάτῃ
593 2646 891 2687 consecrabant.
927 2645 1063 2686 Schol.
1085 2645 1136 2686 ad
1158 2645 1373 2700 Aristoph.
1395 2645 1495 2685 Pac.
1515 2656 1582 2695 42.
1605 2643 1788 2699 Hesych.

359 2722 398 2752 et
420 2712 603 2767 Etymol.
626 2713 690 2752 M.
709 2727 747 2752 v.
767 2711 997 2763 Ἐνηλύσια;
1043 2712 1138 2754 Διὸς
1159 2709 1408 2763 Καταιβάτου
1426 2725 1535 2751 aram
1564 2717 1789 2750 memorant

361 2778 583 2819 Pausanias
613 2778 744 2820 Eliac.
769 2792 806 2828 Ι,
832 2792 895 2829 14.
926 2778 1207 2834 Apollodorus
1235 2793 1299 2834 ap.
1322 2777 1443 2818 schol.
1474 2774 1661 2832 Sophocl.
1685 2774 1787 2815 OEd.

363 2843 450 2885 Col.
489 2853 584 2896 702.
624 2844 677 2885 cf.
711 2844 959 2900 Lycophron
1001 2854 1119 2899 1370.
1170 2843 1331 2885 Alberti
1362 2843 1413 2884 ad
1456 2842 1638 2898 Hesych.
1675 2842 1714 2881 in
1750 2857 1789 2881 v.

363 2911 589 2952 BLOMF.
