1898 3256
319 217 403 259 216
790 221 1282 263 ANNOTATIONES

376 327 478 368 Post
513 328 607 381 890.
641 328 764 368 unius
803 343 941 368 versus
979 328 1184 369 defectum
1223 327 1416 368 indicavit
1450 327 1670 370 Elmsleius
1708 328 1749 369 in

320 393 472 434 Museo
492 393 688 435 Cantabr.
708 394 806 436 fasc.
831 405 866 447 7.
887 409 928 450 p.
952 395 1049 449 458.

376 459 470 513 891.
513 461 605 514 892.
648 460 748 516 αἰαῖ]
784 459 824 501 αἲ
862 460 902 502 αἲ
939 460 1087 516 vulgo:
1133 460 1185 501 de
1220 475 1306 516 quo
1341 460 1382 501 in
1422 468 1629 517 posterum
1669 475 1749 502 non

319 526 507 568 monebo·

377 593 471 647 892.
502 593 743 645 ἀντιφόνων]
773 593 993 645 ἀντιφόνος,
1028 593 1191 634 Coedem
1221 593 1328 633 ccede
1354 607 1632 649 compensans.
1663 595 1752 635 Eu-

318 673 423 699 men.
449 659 543 712 980.
576 660 806 712 ἇντιφόνους
835 660 941 702 ἄτας.
974 659 1162 715 Sophocl.
1194 659 1506 714 Philoct.1156.
1538 661 1753 714 ἀντιφόνον

319 725 477 778 κορέσαι
492 727 631 778 στόμα.
650 727 802 767 Electr.
820 726 914 778 248.
931 727 1125 767 δώσουσιν
1138 725 1369 779 ἀντιφόνους
1383 727 1499 769 δίκας.
1522 727 1748 769 BLOMF.

319 793 401 832 Per
429 792 624 845 ῖσοφόνων
643 792 818 848 explicat
845 792 1078 833 scholiasta:
1111 793 1221 848 quod
1249 792 1494 848 adjectivum
1524 792 1661 834 lexicis
1687 793 1749 834 in-

318 859 547 900 serendum.
586 863 588 865 ’

377 927 471 980 893.
496 926 522 950 '⁷⁵
544 925 739 980 θανάτων]
772 924 1041 966 Scribendum
1072 927 1114 966 ἐκ
1144 926 1321 968 θανάτων
1348 942 1441 968 cum
1469 927 1750 968 Lachmanno.

319 992 470 1046 θανάτῳ
491 991 591 1032 Ald.
624 990 820 1032 θανόντων
842 992 978 1031 Turn.
1216 982 1218 984 ,

376 1060 471 1113 894.
491 1061 690 1100 διανταίαν
708 1058 838 1111 λέγεις
858 1057 1008 1109 δόμοισι
1029 1058 1090 1098 καὶ
1106 1059 1284 1109 σώμασιν
1302 1058 1601 1111 πεπλαγμένους
1615 1059 1751 1100 Elms-

317 1126 433 1167 leius.
493 1126 730 1181 Legebatur
759 1127 959 1167 διανταίαν
992 1125 1053 1178 (δι’
1082 1127 1244 1167 ἀνταίαν
1266 1125 1387 1179 Ald.)
1418 1126 1549 1179 λέγεις
1577 1127 1750 1180 πλαγάν.

317 1192 453 1246 (Ημιχ.
490 1191 640 1244 δόμοισι
675 1193 736 1233 καὶ
771 1193 925 1243 σώμασι
954 1191 1252 1244 πεπλαγμένους
1283 1192 1599 1246 (πεπληγμένους
1625 1193 1751 1246 Ald.)

320 1259 483 1300 ἐννέπω.
534 1260 709 1300 διανταία
741 1258 944 1299 intellecto
974 1258 1106 1311 πληγὴ
1139 1258 1248 1299 dicta
1282 1269 1327 1300 ut
1363 1260 1489 1311 καιρία
1522 1255 1602 1300 dici
1637 1259 1749 1301 solet.

319 1326 481 1366 ἀνταίαν
498 1325 575 1365 hoc
596 1325 717 1365 modo
736 1324 840 1365 dixit
861 1324 1079 1381 Sophocles
1094 1325 1239 1380 Antig.
1257 1326 1377 1379 1308.
1394 1326 1435 1366 τί
1449 1324 1487 1377 μ’
1504 1326 1572 1366 οὐκ
1588 1325 1751 1367 ἀνταίαν

319 1392 483 1434 ἔπαισέν
502 1409 558 1435 τις
577 1391 799 1446 ἀμφιθήκτῳ
820 1393 924 1444 ξίφει
941 1410 952 1438 ;

376 1460 470 1514 896.
511 1458 729 1514 ἀναυδάτῳ]
773 1457 910 1513 Vulgo
947 1457 1116 1512 praefixa
1146 1456 1380 1498 hemichorii
1418 1466 1527 1499 nota.
1586 1457 1751 1499 Delevit

319 1525 551 1567 Elmsleius.

376 1606 470 1646 901.
503 1591 632 1632 στένει
658 1592 720 1645 (δὲ
745 1589 860 1631 addit
890 1590 1044 1643 Turn.)
1074 1589 1194 1631 πέδον
1223 1589 1460 1645 φίλανδρον]
1492 1591 1599 1632 Haec
1627 1591 1752 1632 verba

318 1658 434 1700 alteri
454 1657 701 1699 hemichorIo
721 1656 864 1698 tribuit
884 1656 992 1697 Rob.

377 1737 472 1780 903.
496 1724 704 1779 ἐπιγόνοις]
723 1725 920 1765 Posteris.
979 1724 1047 1764 Ita
1066 1722 1307 1764 dicebantur
1327 1723 1406 1764 κατ’
1429 1724 1569 1777 ἐξοχὴν
1586 1725 1752 1780 Septem

318 1792 471 1833 ducum
493 1791 578 1841 filii,
599 1790 672 1846 qui
702 1790 842 1831 decem
872 1798 964 1846 post
993 1789 1122 1839 annis,
1146 1790 1411 1831 Thersandro
1440 1790 1561 1840 duce,
1584 1786 1753 1832 Thebas

319 1865 686 1914 expugnaverunt3
720 1856 772 1898 de
799 1856 951 1912 quibus
973 1856 1056 1897 vid.
1078 1857 1230 1911 Heyne
1252 1857 1305 1897 ad
1325 1856 1568 1912 Apollodor.
1588 1870 1630 1912 3,
1654 1867 1693 1911 7,
1712 1869 1752 1898 2.

317 1927 433 1967 Num
452 1925 527 1966 hos
545 1923 724 1965 innuerit
744 1923 969 1979 AEschylus
988 1922 1056 1964 vix
1077 1922 1173 1964 satis
1191 1922 1336 1978 liquet.
1358 1924 1585 1965 BLOMF.
1622 1925 1752 1964 Recte

319 1991 544 2041 scholiasta,
566 1991 678 2032 τοῦτό
704 1995 828 2043 φησιν’
845 1990 904 2030 ὅτι
922 1991 970 2031 τὰ
989 1989 1166 2043 χρήματα
1195 1991 1249 2031 ὧν
1273 1990 1390 2043 χάριν
1419 1991 1638 2042 φιλονεικία
1668 1989 1752 2042 ἐγέ-

320 2075 408 2099 νετο
429 2059 490 2099 καὶ
512 2057 678 2099 θανάτου
697 2055 812 2099 τέλος
831 2060 912 2099 τοῖς
931 2057 1148 2108 αἰνομόροις
1168 2057 1368 2108 ἀδελφοῖς,
1389 2060 1502 2108 μενεῖ
1521 2056 1583 2097 καὶ
1602 2058 1753 2107 ἐπικτη-

321 2123 479 2175 θήσεται
498 2127 579 2166 τοῖς
598 2123 791 2175 ἐπιγόνοις
811 2122 874 2162 καὶ
893 2126 974 2165 τοῖς
993 2122 1228 2175 συγγενέσιν
1248 2123 1416 2163 ἐκείνων.

378 2201 475 2255 906.
495 2199 591 2252 “Ημ.
615 2198 984 2268 αηῒε,ἐμριράσαντο
1004 2213 1082 2275 011).
1105 2198 1200 2239 Ald.
1223 2199 1358 2239 Turn.

378 2299 473 2344 907.
495 2287 604 2342 ὥστ’]
631 2262 723 2328 ὥσθ’
746 2287 811 2328 Μ.

375 2364 480 2418 ἴσον]
500 2365 594 2405 ἴσαν
612 2361 713 2403 Ald.
747 2362 800 2402 Id
816 2370 1054 2418 corruptum
1071 2378 1121 2403 ex
1139 2364 1220 2411 ἴσα,
1239 2363 1351 2418 quod
1366 2373 1426 2405 est
1444 2364 1485 2404 in
1502 2365 1551 2405 Β.
1573 2372 1613 2405 et
1628 2364 1668 2404 in
1689 2364 1751 2404 in-

321 2430 607 2487 terpretatione
626 2444 699 2470 sua
724 2428 860 2484 posuit
884 2429 1110 2479 scholiasta,
1132 2429 1204 2484 qui
1232 2429 1361 2481 addit,
1381 2429 1491 2484 λέγει
1521 2431 1563 2471 δὲ
1591 2432 1659 2473 τὰς
1687 2447 1752 2471 τα-

321 2498 411 2551 φάς·
445 2498 565 2549 μόνος
584 2498 659 2549 γὰρ
679 2497 699 2536 ὁ
720 2494 844 2548 τάφος
865 2496 992 2539 αὐτοῖς
1008 2497 1049 2547 ἐξ
1068 2498 1155 2537 ἵσου
1173 2496 1412 2550 μεμέρισται,
1430 2498 1491 2538 καὶ
1506 2500 1616 2538 τοῦτο
1630 2498 1754 2548 μόνον

322 2565 548 2618 ἐκέρδησαν.

380 2640 475 2696 908.
497 2652 592 2694 909.
615 2638 658 2678 in
678 2652 805 2678 unum
827 2637 1040 2693 conjunxit
1061 2637 1162 2678 Ald.

378 2718 473 2773 908.
493 2717 557 2768 ἡμ.
578 2714 793 2771 praefixum
813 2713 855 2755 in
876 2715 985 2755 Rob.

378 2807 472 2850 909.
504 2791 699 2847 ἀμεμφία]
730 2792 866 2833 Nulla
893 2793 1168 2847 reprehensio.
1205 2791 1425 2847 Sophocles
1455 2791 1610 2832 Inacho
1637 2791 1750 2847 apud

322 2861 445 2903 schol.
467 2859 679 2915 Aristoph.
702 2858 812 2899 Plut.
837 2869 931 2912 727.
953 2859 1147 2911 ἀμεμφίας
1165 2858 1292 2911 χάριν.
1352 2859 1473 2899 Verte
1493 2866 1645 2908 autem,
1666 2858 1749 2899 Re-
