1898 3256
360 207 416 249 26
831 208 1323 250 ANNOTATIONES

360 319 507 360 iterum
538 319 586 360 iis
615 319 820 360 redditum
841 335 925 361 esse
946 320 1080 360 refert.
1143 321 1192 360 In
1214 334 1298 374 quo
1328 319 1380 360 ab
1409 319 1497 373 ejus
1522 318 1698 374 vestigiis
1726 333 1789 358 re·

360 386 477 426 cessit
497 385 746 442 AEschylus;
779 386 934 442 quippe
953 386 1025 441 qui
1055 386 1160 441 ignis
1189 386 1366 441 primum
1396 385 1629 426 hominibus
1648 385 1788 426 tributi

359 451 553 492 honorem
576 452 822 492 Prometheo
841 452 988 493 diserte
1010 452 1164 493 tribuit.
1220 452 1405 493 Eandem
1427 451 1606 493 fabulam
1626 460 1791 492 narrant

359 530 431 560 aut
452 528 680 574 sequuntur
699 519 994 575 ApollodoruS,
1015 520 1237 569 Lucianus,
1261 519 1469 576 Hyginus,
1491 519 1700 560 Diodorus
1730 518 1790 560 Si-

359 585 490 635 culus,
512 586 669 635 Attius,
700 586 914 636 Horatius,
937 586 1137 642 multique
1166 586 1244 627 alii.
1305 586 1425 627 Varie
1453 596 1589 627 autem
1621 587 1790 626 Prome-

360 652 455 693 thea
482 652 587 708 ignis
615 653 795 693 inventio
823 653 875 694 ab
894 652 1070 708 antiquis
1099 652 1363 708 scriptoribus
1391 652 1629 708 explicatur.
1691 651 1791 692 Dio—

359 718 486 760 dorus
522 719 681 759 Siculus
717 734 810 759 eum
845 718 1108 774 igniariorum
1141 728 1388 775 repertorem
1419 718 1543 759 fuisse
1577 719 1792 759 existimat.

359 785 519 825 Plinius
538 796 689 836 autem,
710 800 802 825 cum
825 785 959 840 ignem
981 801 1003 826 e
1029 786 1136 826 silice
1166 786 1465 826 monstravisset
1485 785 1670 840 Pyrodes
1691 784 1792 826 Cili-

357 852 415 892 cis
451 851 572 901 filius,
607 852 898 892 Prometheum
933 852 1107 892 eundem
1142 852 1182 892 in
1217 852 1348 893 ferula
1381 852 1576 893 asservari
1609 852 1792 892 docuisse

359 918 496 959 tradit.
556 918 644 959 Alii
664 927 712 959 ut
733 918 1046 973 Theophrastus
1069 920 1149 973 (ap.
1171 918 1399 959 Eudociam
1421 934 1461 974 p.
1483 921 1598 973 347.)
1620 918 1674 959 ad
1702 918 1792 973 phi-

357 984 551 1040 losophiae
570 984 794 1025 doctrinam
817 993 1041 1025 traxerunt.
1100 985 1281 1040 Argivos
1300 985 1419 1025 etiam
1442 994 1567 1026 totam
1594 985 1700 1040 ignis
1727 985 1788 1025 in-

357 1051 588 1092 ventionem
628 1051 875 1091 Prometheo
908 1051 1161 1105 abjudicasse
1196 1051 1494 1106 Phoroneoque
1532 1052 1733 1101 tribuisse,
1768 1067 1790 1093 e

358 1118 580 1159 Pausaniat
609 1127 776 1159 constat.
838 1119 995 1158 Praeter
1023 1117 1158 1173 ignem
1189 1117 1286 1158 alias
1315 1133 1438 1173 quam
1470 1118 1678 1173 plurimas,
1707 1119 1791 1159 imo

356 1187 496 1226 omnes
523 1194 630 1225 artes
658 1199 751 1224 eum
781 1183 995 1233 invenisse,
1021 1183 1342 1225 additamentum
1367 1194 1441 1234 est,
1462 1200 1546 1240 quo
1567 1184 1791 1240 AEschylus

355 1251 519 1307 aliique,
555 1266 630 1291 suo
663 1249 826 1305 ingenio
856 1260 897 1290 et
927 1250 1092 1291 consilio
1125 1251 1321 1301 obsecuti,
1356 1267 1438 1292 rem
1476 1252 1787 1307 amplificarunt.

357 1319 490 1367 Plato,
512 1318 582 1373 qui
601 1317 643 1357 in
665 1316 838 1358 Politico
855 1317 989 1372 ignem
1011 1317 1178 1372 quidem
1198 1333 1222 1358 a
1243 1318 1502 1368 Prometheo,
1523 1327 1675 1359 ceteras
1694 1333 1790 1359 vero

355 1394 462 1426 artes
480 1400 505 1425 a
518 1383 701 1425 Vulcano
720 1384 891 1438 ejusque
902 1383 999 1423 artis
1018 1392 1215 1434 consorte,
1237 1384 1279 1424 h.
1301 1400 1333 1425 e.
1357 1384 1548 1426 Minerva
1557 1394 1591 1435 ¹1,
1609 1385 1789 1434 deducit,

354 1451 462 1492 idem
483 1460 617 1491 tamen
638 1450 754 1491 aliter
783 1450 887 1490 hanc
906 1450 1086 1490 fabulam
1116 1451 1306 1492 contexit.
1360 1450 1443 1491 5'Hv
1471 1451 1546 1504 γάρ
1576 1468 1671 1492 ποτε
1699 1453 1791 1505 χρό-

356 1534 435 1566 νος,
458 1518 522 1559 ὅτε
552 1517 635 1559 θεοὶ
662 1518 735 1569 μὲν
764 1517 880 1567 ἦσαν,
903 1518 1023 1567 θνητὰ
1043 1517 1085 1556 δὲ
1104 1516 1199 1568 γένη
1220 1517 1288 1558 οὐκ
1316 1517 1375 1568 ἦν·
1408 1517 1538 1568 ἐπειδὴ
1558 1519 1600 1558 δὲ
1621 1518 1682 1558 καὶ
1701 1519 1788 1559 τού-

355 1603 436 1628 τοις
461 1586 601 1639 χρόνος
627 1585 750 1636 ἣλθεν
776 1583 1003 1636 εἱμαρμένος
1033 1580 1238 1635 γενέσεως,
1266 1586 1454 1624 τυποῦσιν
1481 1584 1578 1624 αὐτὰ
1607 1586 1688 1625 θεοὶ
1719 1587 1790 1637 γῆς

356 1652 482 1699 ἔνδον,
505 1654 547 1692 ἐκ
575 1655 645 1704 γῆς
674 1652 737 1692 καὶ
761 1650 880 1703 πυρὸς
897 1651 1085 1701 μίξαντες,
1110 1650 1171 1690 καὶ
1189 1653 1266 1690 τῶν
1285 1650 1362 1690 ὅσα
1381 1650 1470 1702 πυρὶ
1492 1651 1553 1691 καὶ
1578 1653 1628 1706 γῇ
1658 1651 1790 1703 κεράν-

356 1735 479 1759 νυται.
537 1718 667 1768 ἐπειδὴ
709 1717 739 1758 δ’
782 1717 893 1769 ἄγειν
924 1717 1021 1757 αὐτὰ
1065 1716 1160 1767 πρὸς
1203 1720 1284 1769 φῶς
1328 1716 1510 1768 ἔμελλον,
1546 1716 1790 1769 προσέταξαν

355 1787 558 1836 Προμηθεῖ
604 1784 667 1824 καὶ
713 1782 920 1834 Ἐπιμηθεῖ
985 1782 1182 1832 κοσμῆσαί
1231 1799 1273 1823 τε
1322 1783 1384 1823 καὶ
1434 1787 1560 1834 νεῖμαι
1614 1783 1792 1835 δυνάμεις

356 1849 533 1892 ἑκάστοις
562 1849 611 1892 ὡς
639 1848 788 1901 πρέπει.
848 1847 1060 1900 Προμηθέα
1087 1849 1129 1888 δὲ
1155 1853 1396 1900 παραιτεῖται
1417 1846 1649 1900 Ἐπιμηθεὺς
1677 1850 1791 1893 αὐτὸς

355 1920 493 1968 νεῖμαι.
553 1917 773 1967 Νείμαντος
792 1914 835 1955 δέ
854 1931 939 1966 μου,
963 1915 1051 1966 ἔφη,
1075 1915 1299 1966 ἐπίσκεψαι.
1350 1915 1425 1956 Καὶ
1445 1917 1542 1956 οὕτω
1561 1917 1700 1960 πείσας
1727 1917 1789 1958 νέ-

353 1980 582 2034 μει.-“Ατε
611 1981 656 2032 δὴ
686 1982 755 2021 οὖν
785 1981 830 2020 οὗ
861 1979 963 2020 πάνυ
990 1996 1050 2020 τοι
1079 1979 1205 2031 σοφὸς
1234 1979 1290 2020 ὢν
1322 1982 1343 2021 ὁ
1373 1980 1615 2033 Ἐπιμηθεὺς,
1647 1983 1791 2025 ἔλαθεν

356 2049 473 2089 αὑτὸν
505 2046 785 2089 καταναλώσας
815 2047 884 2089 τὰς
918 2045 1095 2096 δυνάμεις
1122 2047 1176 2087 εἷς
1209 2047 1257 2086 τὰ
1290 2047 1431 2099 ἄλογα.
1480 2049 1630 2089 Λοιπὸν
1660 2049 1705 2100 δὴ
1735 2050 1791 2091 ἔτι

356 2115 577 2165 ἀκόσμητον
597 2114 698 2167 αὐτῷ
727 2113 776 2164 ἣν
796 2112 839 2153 τὸ
859 2117 935 2153 τῶν
962 2112 1173 2165 ἀνθρώπων
1191 2111 1306 2164 γένος
1335 2114 1397 2154 καὶ
1426 2114 1561 2167 ἠπόρει
1587 2116 1609 2155 ὅ
1634 2132 1670 2156 τι
1698 2116 1791 2169 χρή-

356 2197 479 2220 σαιτο.
538 2178 771 2231 Ἀποροῦντι
791 2180 832 2219 δὲ
854 2179 954 2233 αὐτῷ
977 2178 1132 2231 ἔρχεται
1151 2180 1379 2231 Προμηθεὺς
1395 2182 1706 2234 ἐπισκεψόμενος
1720 2182 1791 2233 τὴν

335 2264 338 2267 ⁴
357 2245 490 2296 νομήν·
522 2245 584 2285 καὶ
603 2246 674 2298 ὁρᾷ
695 2247 744 2285 τὰ
762 2245 835 2296 μὲν
855 2245 962 2285 ἄλλα
985 2248 1061 2292 ζῶα
1089 2246 1262 2296 ἐμμελῶς
1290 2246 1446 2288 πάντων
1475 2248 1630 2302 ἔχοντα,
1653 2248 1723 2290 τὸν
1748 2251 1790 2290 δὲ

355 2314 560 2365 ἄνθρωπον
587 2312 736 2364 γυμνόν
769 2328 812 2352 τε
839 2312 901 2352 καὶ
929 2312 1179 2362 ἀνυπόδητον,
1212 2312 1275 2352 καὶ
1305 2313 1502 2366 ἄστρωτον
1536 2315 1598 2355 καὶ
1627 2315 1790 2356 ἄοπλον.

349 2378 456 2430 ”Ηδη
486 2380 529 2419 δὲ
558 2379 621 2418 καὶ
648 2378 672 2429 ἡ
702 2377 908 2430 εἱμαρμένη
936 2377 1059 2429 ἡμέρα
1085 2379 1224 2429 παρῆν,
1254 2379 1297 2419 ἐν
1326 2377 1351 2434 ᾗ
1381 2380 1459 2420 ἔδει
1491 2382 1554 2422 καὶ
1587 2382 1791 2434 ἄνθρωπον

356 2445 499 2495 ἐξιέναι
520 2446 562 2485 ἐκ
581 2446 652 2497 γῆς
672 2445 726 2486 εἰς
745 2447 843 2495 φῶς.
873 2442 1037 2497 Ἀπορίᾳ
1057 2443 1125 2484 οὖν
1145 2445 1332 2497 ἐχόμενος
1351 2448 1372 2486 ὁ
1394 2447 1633 2499 Προμηθεὺς,
1654 2447 1792 2498 ἥντινα

356 2512 548 2564 σωτηρίαν
573 2511 625 2565 τῷ
653 2511 840 2564 ἀνθρώπῳ
871 2510 986 2562 εὕροι,
1008 2509 1166 2550 κλέπτει
1193 2509 1418 2563 “Ηφαίστου
1445 2513 1508 2554 καὶ
1525 2512 1693 2565 Ἀθηνᾶς
1721 2514 1791 2564 τὴν

356 2578 542 2631 ἔντεχνον
571 2577 719 2630 σοφίαν
744 2575 819 2617 σὺν
848 2576 938 2628 πυρὶ
972 2575 1190 2629 (ἀμήχανον
1213 2579 1288 2630 γὰρ
1318 2578 1367 2629 ἦν
1399 2579 1492 2620 ἄνευ
1519 2581 1639 2633 πυρὸς
1673 2580 1791 2631 αὐτὴν

357 2644 495 2696 κτητήν
523 2661 575 2698 τῳ
604 2642 628 2694 ἢ
657 2643 851 2696 χρησίμην
879 2642 1082 2696 γενέσθαι)
1117 2644 1178 2684 καὶ
1204 2645 1300 2685 οὕτω
1327 2645 1372 2696 δὴ
1396 2649 1574 2699 δωρεῖται,
1590 2648 1788 2701 ἀνθρώπῳ.

354 2710 438 2760 Τὴν
457 2711 530 2760 μὲν
550 2710 620 2750 οὖν
638 2709 726 2761 περὶ
749 2709 818 2750 τὸν
836 2709 929 2760 βίον
956 2710 1104 2762 σοφίαν
1132 2711 1333 2763 ἄνθρωπος
1361 2714 1478 2768 ταύτῃ
1508 2714 1618 2766 ἔσχε·
1649 2713 1719 2764 τὴν
1747 2714 1790 2753 δὲ

355 2775 558 2825 πολιτικὴν
577 2775 645 2816 οὐκ
666 2774 786 2828 εἶχεν.
839 2773 924 2816 Ἦν
942 2777 1018 2828 γὰρ
1038 2778 1143 2829 παρὰ
1162 2780 1215 2832 τῷ
1238 2779 1318 2818 Διί.
1359 2781 1411 2833 τῷ
1442 2780 1484 2819 δὲ
1508 2782 1710 2831 Προμηθεῖ
1735 2780 1790 2821 εἷς

654 2923 667 2946 t
687 2931 714 2959 2,
732 2931 780 2962 19.
795 2933 826 2962 p.
843 2929 912 2962 153.
927 2924 976 2954 ed.
994 2924 1103 2955 Ktihn.
1362 2932 1383 2950 ¹1
1398 2925 1487 2957 c.16.
