1898 3256
663 235 753 276 AD
785 233 1033 277 PERSAS.
1499 232 1586 274 247

120 356 233 388 trum
254 356 363 389 recte
381 346 561 389 restituit
582 345 792 388 Seidlerus
811 345 864 388 de
878 360 983 387 vers.
1000 344 1166 387 dochm.
1186 360 1230 401 p.
1248 355 1348 398 407.
1372 345 1585 398 φιλόφρων

122 416 199 468 γὰρ
219 417 456 468 παρασαίνει
474 416 635 468 βροτόν.
697 414 844 470 Hujus
863 413 976 455 verbi
999 412 1221 469 explicatio
1244 423 1306 454 est
1327 413 1522 454 σαίνουσα
1540 412 1586 453 τὸ

121 487 276 535 πρῶτον
295 483 475 537 παράγει.
538 482 678 525 Simile
697 483 870 524 verbum
901 481 1142 536 παραθέλγω
1173 490 1250 531 est,
1272 480 1325 522 de
1351 495 1438 536 quo
1464 495 1501 521 V.
1530 479 1585 521 ad

124 551 280 607 Agam.
306 563 373 605 71.

180 620 421 674 ἆρκύστατα]
457 619 761 676 Corrigendum
791 620 936 672 ἄρκυας
965 619 1041 660 ἄτα
1070 632 1166 659 cum
1192 618 1440 658 Hermanno
1467 616 1584 673 apud

124 686 370 728 Seidlerum.
405 688 630 740 ἀρκύσακτα
650 687 761 728 Rob.

183 766 276 796 100.
297 756 394 808 ὑπὲρ
416 754 576 810 θνατὸν]
597 756 765 808 ὕπερθεν
786 754 913 805 Rob.,
934 753 1085 795 omisso
1106 754 1265 795 θνατόν.

182 835 277 874 104.
318 822 363 863 τὸ
402 822 587 870 παλαιὸν,
637 822 747 864 idem
787 821 903 879 quod
942 821 1082 864 πάλαι.
1132 820 1285 877 Eurip.
1328 820 1449 862 Med.
1485 823 1582 864 820.

119 887 368 944 Ἐρεχθεῖδαι
387 890 432 931 τὸ
451 890 624 931 παλαιὸν
643 891 790 942 ὄλβιοι.
828 889 1035 931 Herodot.
1061 901 1101 943 7,
1122 902 1193 944 59.
1217 890 1238 929 ὁ
1260 890 1303 930 δὲ
1322 893 1452 943 χῶρος
1471 890 1585 933 οὗτος

120 957 166 998 τὸ
185 957 358 999 παλαιὸν
380 957 430 1010 ἦν
450 960 642 999 Κικόνων.
692 959 889 1000 Ceterum
919 956 1170 999 constructio
1200 956 1290 997 haec
1318 965 1408 1004 est;
1443 958 1584 999 θεόθεν

120 1027 197 1078 γὰρ
226 1025 271 1067 τὸ
301 1025 474 1067 παλαιὸν
498 1030 617 1078 μοῖρα
647 1026 948 1079 κατεκράτησεν,
975 1025 1044 1066 cui
1071 1023 1213 1065 similis
1241 1034 1303 1065 est
1331 1039 1457 1080 supra
1486 1032 1582 1066 102.

119 1093 237 1134 τόθεν
267 1093 335 1134 οὐκ
369 1093 454 1134 ἔστι
492 1094 636 1135 θνατὸν
676 1095 874 1146 ἆλύξαντα
910 1095 1167 1146 ὑπερφυγεῒν.
1229 1091 1343 1133 Citat
1373 1092 1583 1133 Abresch.

120 1160 272 1216 Eurip.
302 1151 454 1202 Bacch.
478 1161 576 1202 868.
607 1167 752 1215 φυγεῖν
780 1163 879 1215 ὑπὲρ
909 1163 1085 1203 δικτύων.
1116 1159 1260 1202 Nostri
1290 1160 1447 1216 Agam.
1478 1161 1581 1215 366.

118 1227 381 1280 ὑπερτελέσαι
401 1229 566 1270 δίκτυον.
628 1228 781 1284 Adjice
800 1228 951 1284 Eurip.
974 1229 1112 1269 Orest.
1136 1228 1259 1282 1365.
1281 1228 1514 1269 BLOMF.

182 1307 275 1350 105.
313 1295 510 1347 πολέμους
547 1295 870 1352 πυργοδαΐκτους]
914 1297 966 1337 In
999 1295 1137 1353 priore
1170 1295 1351 1337 editione
1385 1295 1582 1337 dederam

118 1362 414 1416 πυργοδαΐκτας,
436 1363 557 1404 nimis
571 1363 743 1405 curiose.
804 1363 1062 1420 Hujusmodi
1092 1363 1311 1420 adjectiva,
1333 1364 1468 1405 forma
1487 1380 1581 1421 pas-

119 1430 207 1480 sivi,
249 1447 412 1473 sensum
454 1431 636 1473 activum
676 1432 791 1473 haud
830 1447 923 1473 raro
954 1443 1171 1474 exserunt:
1204 1448 1239 1474 e.
1260 1449 1303 1489 g.
1339 1434 1583 1485 δορύπαλτος

118 1500 274 1554 Agam.
311 1512 401 1554 117.
441 1502 627 1552 λωβητὸν
664 1499 858 1557 Sophocl.
894 1500 1048 1542 Trach.
1081 1512 1180 1555 547.
1219 1502 1394 1544 ὕποπτος
1429 1500 1581 1556 Eurip.

119 1568 230 1609 Hec.
255 1581 375 1622 1117.
399 1568 471 1610 ubi
491 1568 575 1609 vid.
598 1570 773 1610 Porson.
820 1568 928 1610 Satis
948 1583 1138 1624 magnam
1163 1567 1458 1609 vocabulorum
1481 1568 1583 1609 clas-

119 1650 218 1686 sem,
239 1651 334 1692 quae
356 1645 533 1692 utraque
553 1636 704 1692 agendi
723 1646 765 1678 et
791 1636 974 1692 patiendi
997 1637 1151 1678 virtute
1170 1636 1358 1692 gaudent
1379 1637 1583 1678 recensuit

121 1703 466 1745 Hemsterhusius
485 1704 538 1745 ad
561 1704 738 1746 Lucian.
762 1704 844 1746 vol.
866 1719 902 1746 1.
923 1721 965 1761 p.
982 1716 1074 1760 179.
1108 1705 1338 1746 BLOMF.

181 1773 275 1813 108.
297 1772 347 1828 τ’]
366 1790 409 1814 τε
427 1774 484 1814 A.
508 1774 646 1815 Turn.
675 1773 819 1830 Steph.
853 1772 884 1814 δ’
908 1774 974 1814 Μ.
997 1782 1039 1814 et
1059 1782 1215 1829 septem
1237 1772 1305 1813 alii
1324 1788 1419 1814 cum
1442 1773 1546 1815 Ald.

177 1840 434 1896 ἀναστάσεις]
460 1841 673 1885 ἆνστάσεις
694 1842 820 1883 Α.Μ.
843 1842 980 1882 Turn.
1005 1839 1149 1896 Steph.

182 1920 273 1962 109.
305 1908 513 1961 θαλάσσης
540 1909 865 1965 πολιαινομένης]
900 1906 1172 1949 Scribendum
1200 1906 1410 1951 θαλάσσας
1427 1913 1583 1949 πολιαι-

121 1979 290 2032 νομένας
308 1995 361 2021 ex
381 1981 493 2021 A.B.
515 1981 627 2022 Rob.
660 1981 867 2034 θαλάσσης
885 1972 1191 2032 πολιαινομένῆς
1212 1980 1279 2020 Μ.

180 2060 275 2088 110.
295 2048 451 2104 λάβρῳ]
475 2048 594 2090 Libri
613 2049 763 2106 partim
786 2051 934 2106 λαύρῳ.

183 2129 200 2156 I
213 2129 228 2156 1
242 2129 256 2156 1
267 2148 277 2157 .
291 2120 454 2157 πόντιον
469 2118 609 2171 ἄλσος]
630 2117 780 2158 Strabo
793 2131 834 2171 9.
850 2133 890 2174 p.
906 2120 1004 2173 632.
1019 2118 1069 2158 C.
1086 2119 1180 2158 οἶδὲ
1200 2116 1352 2168 ποιηταὶ
1367 2119 1584 2169 κοσμοῦσιν

123 2184 228 2236 ἄλση
250 2187 462 2227 καλοῦντες
482 2185 530 2225 τὰ
552 2186 637 2238 ῖερᾶ
664 2184 808 2236 πάντα,
831 2185 904 2226 κᾶν
928 2183 952 2236 ᾗ
980 2185 1094 2238 ψιλά.
1126 2199 1223 2241 quae
1254 2185 1470 2242 exscripsit
1494 2187 1586 2227 Eu-

120 2252 242 2294 stath.
263 2252 316 2294 ad
340 2252 464 2293 Iliad.
487 2257 532 2294 B.
555 2268 596 2309 p.
618 2264 715 2308 270,
737 2265 802 2309 23.
830 2253 966 2295 Schol.
990 2252 1162 2294 Pindari
1182 2253 1234 2294 ad
1257 2252 1324 2295 Ol.
1345 2267 1387 2309 5,
1407 2266 1474 2308 24.
1495 2255 1584 2298 τοὺς

124 2320 250 2373 ἱεροὺς
281 2321 478 2372 ποταμοὺς
512 2322 618 2373 ἄλση
654 2322 815 2363 εἰώθασι
845 2321 995 2375 λέγειν.
1045 2322 1197 2362 Noster
1228 2321 1270 2362 in
1309 2321 1458 2378 Snppl.
1485 2334 1583 2377 554.

121 2389 360 2444 AEgyptum
396 2398 514 2429 vocat
545 2388 642 2432 Διὸς
672 2389 882 2441 πάμβοτον
911 2390 1051 2436 ἄλσος,
1085 2392 1267 2440 Λειμῶνα
1298 2390 1582 2442 χιονόβοσκον.

120 2453 222 2495 ibid.
243 2456 341 2509 865.
363 2469 475 2495 mare
495 2455 648 2496 dicitur
668 2458 878 2510 ἁλίρρυτον
898 2457 1035 2499 ἄλσος.
1082 2455 1289 2496 Stanleius
1313 2455 1487 2497 advocat
1510 2457 1583 2498 Ci-

119 2536 305 2563 ceronem
327 2523 369 2563 in
391 2522 572 2572 Arateis,
594 2524 817 2580 Neptunia
830 2531 964 2581 prata
983 2529 1178 2564 secantes.
1217 2524 1412 2564 Ceterum
1437 2525 1583 2577 ἐσορᾶν

120 2588 162 2629 in
194 2588 271 2630 hoc
299 2590 390 2630 loco
420 2605 581 2631 sensum
608 2591 734 2633 habet
756 2591 1006 2633 sustinendi.
1053 2591 1255 2646 Tyrtaeus
1283 2605 1350 2646 ap.
1375 2592 1492 2633 Stob.
1512 2606 1582 2646 51.

121 2672 163 2713 p.
189 2670 281 2712 193.
309 2657 371 2698 Οὖ
399 2660 476 2711 γὰρ
506 2658 604 2711 ἀνὴρ
633 2659 782 2713 ἀγαθὸς
810 2661 962 2713 γίνεται
992 2660 1036 2699 ἐν
1063 2657 1237 2713 πολέμῳ,
1267 2659 1318 2698 Εἰ
1345 2658 1398 2710 μὴ
1422 2661 1584 2712 τετλαίη

121 2726 196 2776 μὲν
215 2726 317 2776 ὁρῶν
336 2726 464 2777 φόνον
485 2727 734 2777 αἱματόεντα.
772 2726 990 2776 Horatius5
1015 2726 1098 2773 Qui
1118 2726 1238 2766 siccis
1252 2725 1382 2766 oculis
1396 2732 1584 2768 monstra

121 2792 332 2841 natantia,
357 2792 441 2839 Qui
462 2807 591 2834 vmr'r
620 2807 736 2834 mare
766 2794 1004 2851 turgidum.
1046 2792 1197 2848 Enrip.
1223 2792 1340 2834 Med.
1370 2794 1464 2835 266.
1488 2795 1583 2846 κακὴ

124 2857 156 2898 δ’
179 2860 218 2902 ἐς
238 2858 363 2910 ἀλκὴν
384 2860 446 2900 καὶ
467 2861 628 2912 σίδηρον
650 2862 822 2913 εἰσορᾶν.
853 2861 1084 2903 BLOMF.

186 2939 203 2966 ι
216 2939 280 2969 12.
302 2928 575 2982 λεπτοδόμοις]
601 2931 754 2971 λεπτῶς
775 2928 1154 2980 κατεσκευασμένοις
1179 2928 1306 2971 schol.
