1898 3256
692 222 782 263 AD
814 221 1066 262 PERSAS.
1530 221 1617 267 309

149 337 380 391 θρηνητικὴν
410 336 624 392 αὐλῳδίαν,
657 337 719 378 καὶ
754 334 905 387 διδάξαι
939 336 1083 387 ταύτην
1110 333 1283 389 ’Ύαγνιν
1317 335 1388 377 τὸν
1422 337 1618 389 Μαρσύου

147 405 312 458 πατέρα.
359 405 423 446 καὶ
457 405 573 446 αὐλοὶ
602 403 679 458 γάρ
710 405 788 445 εἶσι
819 403 1092 456 Μαριανδυνοὶ
1123 404 1429 455 ἐπιτηδειότατοι
1462 405 1517 447 εἰς
1548 405 1619 446 τὰς

150 473 375 528 θρηνῳδίας.
406 473 501 513 ὅθεν
521 473 585 514 καὶ
606 472 651 513 τὸ
673 472 998 525 περιφερόμενον,
1021 470 1148 512 Αὗλεῖ
1173 475 1466 524 Μαριανδυνοῖς
1494 470 1616 512 καλά-

147 558 234 593 μοις
254 542 401 594 κρούων
425 540 563 582 Ἰαστί.
597 540 707 581 unde
733 538 1003 595 corrigendus
1024 539 1219 580 Eustath.
1241 539 1293 580 ad
1316 539 1494 596 Dionys.
1519 550 1616 593 791.

151 608 223 650 ubi
250 608 404 665 legitur
435 606 589 659 ἐδίδαξε
618 608 689 649 τὸν
719 607 892 660 Μάρσον
921 610 990 648 τοῦ
1019 607 1191 658 αὐλητοῦ
1220 606 1386 660 πατέρα.
1403 632 1461 639 —
1483 606 1619 648 ἰστέον

150 678 194 718 δὲ
223 677 285 717 ὅτι
323 677 587 731 ἐπεχωρίαζον
620 681 703 720 τοῖς
739 679 1032 729 Μαριανδυνοῖς
1066 675 1220 729 θρήνων
1256 676 1435 728 αὐληταὶ,
1470 677 1521 719 ὡς
1556 676 1620 716 καὶ

148 744 173 796 ἡ
198 747 388 798 παροιμία
414 747 539 796 δηλοῖ,
569 746 850 797 Μαριανδυνοῦ
877 742 1104 796 μεμνημένη
1131 746 1380 797 θρηνητῆρος,
1412 743 1438 784 i.
1456 759 1493 784 e.
1518 758 1620 800 pro—

149 812 337 853 verbium
370 813 480 870 quod
513 813 759 854 mentionem
784 813 898 867 facit
929 811 1220 867 Mariandyni
1255 820 1332 852 etc.
1369 810 1481 852 unde
1517 810 1620 851 mira

149 880 471 923 hallucinatione
491 881 531 922 in
557 883 791 923 Stromatea
810 895 933 922 suum
959 879 1228 937 proverbium
1257 879 1499 936 hujusmodi
1523 895 1620 921 con-

149 947 257 990 didit
296 948 510 1006 «Iosephus
553 948 747 1005 Scaliger,
790 951 1082 1002 Μαριανδυνῶν
1119 947 1299 1000 μέμνησο
1340 947 1617 1001 θρηνητηρίων.

152 1015 220 1057 Cf.
242 1016 368 1058 schol.
393 1016 593 1074 Apollon.
616 1016 756 1058 Rhod.
782 1029 823 1067 2,
845 1029 940 1068 140.
965 1028 1062 1071 725.
1123 1016 1190 1056 De
1210 1015 1514 1057 lamentationis
1534 1015 1619 1056 ori-

149 1082 248 1140 gine
276 1083 318 1125 in
349 1083 430 1125 alia
457 1084 596 1125 omnia
624 1083 712 1126 abit
733 1083 946 1141 Nymphis
974 1082 1016 1124 in
1047 1082 1183 1140 primo
1213 1083 1266 1124 de
1286 1084 1494 1124 Heraclea
1514 1082 1621 1124 libro

151 1166 218 1208 ap.
241 1151 399 1193 Athen.
422 1164 487 1204 14.
510 1167 552 1208 p.
576 1154 673 1206 619.
696 1152 747 1193 F.
768 1151 841 1208 qui
862 1151 990 1194 tradit
1010 1150 1317 1208 Mariandynus
1338 1150 1506 1208 lugubri
1527 1165 1622 1191 can-

152 1218 278 1260 tilena
299 1220 501 1261 Bormum
523 1219 732 1276 quendam
754 1219 957 1262 invocare.
994 1219 1187 1271 Photius‚
1209 1220 1504 1274 Μαριανδυνόν.
1527 1222 1620 1272 θρη-

153 1288 323 1340 νητικόν.
354 1288 474 1331 οὕτως
494 1289 710 1342 Αἰσχύλος.
742 1288 975 1329 BLOMF.
1036 1288 1276 1329 Paucorum
1300 1287 1499 1329 librorum
1522 1285 1622 1327 vitia

152 1365 251 1397 sunt
272 1360 556 1410 Μαριανδινοῦ,
580 1359 878 1409 Μαριανδηνοῦ,
901 1358 1194 1408 Μαρυανδινοῦ.

210 1436 307 1480 939.
329 1423 477 1478 πέμψω
499 1425 724 1466 Porsonus.
756 1423 903 1478 πέμψω
923 1422 1071 1477 πέμψω
1092 1422 1199 1464 libri.

211 1491 349 1547 ἰαχάν]
375 1492 650 1534 Scribendum
674 1492 817 1546 ἷακχάν
836 1506 932 1533 cum
950 1492 1150 1533 Porsono.

210 1573 308 1615 940.
329 1560 418 1617 ἵετ’]
441 1560 510 1603 ἵετ’
533 1560 636 1602 Ald.
659 1561 769 1602 Rob.
803 1558 876 1602 Ιετ’
898 1558 984 1600 sine
1004 1569 1176 1600 accentu
1200 1559 1339 1599 Turn.

211 1630 327 1681 αἰανῆ
347 1629 413 1671 Μ.
445 1628 588 1680 αἶανὴν
606 1628 750 1685 vulg0.
789 1624 936 1679 ‘Quod
967 1626 1218 1683 sequebatur
1250 1627 1312 1668 καὶ
1342 1626 1494 1668 delevit
1516 1628 1619 1669 Pas·

154 1695 309 1737 sovius.

208 1763 430 1817 πάνδυρτον
452 1763 737 1805 Blomfieldus.
767 1762 1012 1817 πανόδυρτον
1032 1761 1140 1803 libri.

211 1845 311 1887 943.
340 1831 598 1886 μετάτροπος]
630 1832 894 1885 μετάτρεπτος
923 1830 1082 1887 aliquot
1112 1829 1235 1871 codd.
1265 1840 1307 1872 et
1335 1830 1438 1872 Ald.
1468 1830 1619 1887 Eurip.

153 1899 307 1941 Electr.
331 1910 455 1954 1147.
485 1899 722 1953 μετάτροποι
751 1898 942 1941 πνέουσιν
965 1899 1079 1952 αὖραι
1108 1898 1253 1950 δόμων.
1279 1897 1499 1955 Aristoph.
1522 1899 1618 1939 Pac.

153 1978 249 2023 945.
282 1970 442 2021 σοβαρὰ
461 1966 602 2009 θεόθεν
623 1967 782 2021 κατέχει
800 1966 978 2019 πολέμου
997 1965 1239 2020 μετάτροπος
1259 1967 1374 2019 αὔρα.

210 2048 310 2090 944.
331 2035 552 2089 πάνδυρτον
574 2034 859 2077 Blomfieldus.
890 2033 1136 2088 πανόδυρτον
1156 2033 1265 2074 libri.

210 2114 308 2158 945.
338 2107 522 2155 λαοπαθῆ
548 2121 592 2145 τε
621 2105 683 2157 (τε
703 2102 866 2144 addunt
884 2102 1045 2144 codices
1065 2111 1107 2143 et
1128 2101 1272 2158 Steph.
1294 2100 1494 2142 omittunt
1513 2100 1617 2142 Ald.

155 2170 268 2212 Rob.
293 2172 453 2224 Turn.)
477 2173 664 2226 σεβίζων]
691 2171 828 2212 Verba
851 2169 1111 2227 interpolata,
1131 2185 1229 2226 quae
1256 2184 1339 2211 non
1367 2169 1619 2226 respondent

155 2238 290 2279 verbis
309 2238 351 2279 in
368 2238 538 2295 stropha
558 2238 701 2295 positis
722 2240 819 2295 936.
843 2236 1086 2291 κακοφάτιδα
1104 2236 1226 2290 βοάν.

213 2305 385 2348 ἁλίτυπά
405 2323 449 2348 τε
467 2304 592 2361 βάρη]
619 2307 799 2347 Narrata
819 2321 856 2347 v.
877 2306 977 2358 408.
998 2316 1039 2347 et
1060 2320 1176 2362 seqq.
1209 2306 1343 2347 SCH.

213 2374 312 2429 948.
332 2374 561 2429 ἀρίδακρυν]
586 2374 821 2426 εὐρύδακρυν
842 2374 946 2415 Ven.
967 2373 1127 2428 primus
1146 2382 1186 2414 et
1208 2372 1309 2414 Ald.
1333 2374 1470 2415 Turn.

214 2454 311 2496 949.
338 2439 500 2482 Xerxis
520 2455 734 2496 personam
758 2439 976 2495 adscripsit
998 2439 1293 2480 Lachmannus
1313 2439 1366 2481 de
1384 2439 1499 2482 chor.
1520 2450 1619 2496 syst.

156 2523 200 2566 p.
222 2521 292 2564 99.
352 2508 406 2549 In
425 2507 541 2548 libris
560 2508 650 2548 haec
667 2506 795 2548 choro
814 2506 1074 2548 tribuuntur.

216 2589 313 2631 949.
336 2586 433 2631 950.
452 2574 592 2616 Ἰάνων
614 2576 679 2616 Μ.
699 2574 851 2630 aliique
866 2573 1069 2616 nonnulli.
1088 2573 1254 2616 Ἰαόνων
1274 2585 1356 2615 tres
1370 2573 1453 2616 alii.
1474 2575 1620 2617 Ἰώνων

158 2644 300 2701 vulgo.
352 2645 541 2685 Mettum
560 2652 622 2684 est
641 2643 934 2699 anapaesticum
959 2653 1260 2684 monometrum
1282 2642 1621 2699 hypercatalecti-

159 2726 269 2754 cum.
328 2711 461 2753 Valde
500 2720 639 2752 autem
675 2710 939 2751 memorabile
973 2719 1034 2751 est
1066 2709 1209 2751 Ἰάνων
1239 2720 1428 2766 correpta
1462 2710 1620 2767 syllaba

159 2779 341 2821 secunda
359 2779 532 2820 dictum.
595 2778 819 2828 Producta‚
841 2793 937 2834 quae
964 2777 1146 2833 legitima
1170 2786 1232 2818 est
1258 2792 1465 2828 mensura,
1488 2779 1622 2820 utitur

159 2861 198 2888 v.
224 2856 345 2902 1025.
407 2847 583 2888 Sensum
613 2845 838 2887 verborum
873 2845 1094 2887 declaravit
1128 2844 1359 2896 scholiasta,
1396 2847 1417 2886 ὁ
1444 2845 1568 2899 Ἀρης
1598 2848 1619 2887 ὁ

162 2914 311 2968 ἑτέροις
335 2915 461 2966 ἀλκὴν
481 2914 544 2956 καὶ
570 2913 763 2966 βοήθειαν
789 2914 876 2957 δοὺς
906 2914 1058 2967 ἀπηύρα
1088 2913 1151 2955 καὶ
1180 2914 1375 2966 ἀφείλατο
1405 2915 1476 2966 τὴν
1504 2914 1622 2969 ἰσχὺν

159 2985 238 3024 τῶν
258 2986 440 3035 Περσῶν,
464 2980 703 3034 κερσάμενος
723 2982 786 3023 καὶ
807 2979 1037 3035 κατακόψας
1057 2980 1196 3023 αὐτοὺς
1223 2982 1278 3024 εἰς
1302 2980 1437 3023 πλάκα
1466 2984 1618 3037 νυχίαν,
1696 2979 1700 2983 ’
