1898 3256
737 201 827 243 AD
858 200 1109 244 PERSAS.
1573 203 1662 247 317

252 314 456 365 ναυβατᾶν
474 311 713 354 Brunokius
731 327 784 354 ex
799 314 861 364 A,
881 313 955 370 qui
976 316 1164 355 ναυατᾶν.
1186 317 1365 356 ναυατῶν
1383 324 1467 357 tres
1485 314 1659 357 codices.

194 383 381 431 ναβατῶν
401 379 505 422 Ald.
536 385 745 433 ναυβατῶν
764 381 907 438 vulgo.

254 460 377 502 1013.
401 447 519 502 γένος
542 449 606 505 τὸ]
630 449 676 491 τὸ
695 449 815 504 γένος
833 450 879 491 τὸ
899 448 1032 492 codex
1053 464 1175 492 unus.
1221 450 1348 492 Alius
1369 451 1413 492 τὸ
1432 451 1550 505 γένος
1568 455 1657 493 τῶν.

190 514 322 568 γένος,
342 515 492 558 omisso
511 516 702 568 articulo,
725 517 838 560 Rob.

251 587 418 636 Περσᾶν
438 585 503 625 Μ.
536 589 708 638 Περσῶν
727 584 870 642 vulgo,

254 664 377 705 10¹4·
399 654 475 705 μὲν
493 668 577 694 om.
600 653 712 695 Rob.

255 722 378 762 1016.
405 721 579 776 μεγάλα]
603 721 710 775 μέγα
727 720 831 762 Ald.
861 721 1022 775 μεγάλα
1041 737 1085 763 τε
1106 722 1170 762 Μ.
1233 721 1506 764 Scribendum
1535 723 1657 776 μεγά-

191 793 273 831 λως
292 804 345 830 ex
362 790 562 832 cantabr.
583 790 720 844 primo
740 799 782 831 et
803 789 947 831 Guelf.

251 860 417 910 Περσᾶν
437 858 502 898 Μ.
535 862 707 911 Περσῶν
725 857 868 914 vulgo.

255 924 375 965 1018.
396 925 506 979 τόδε]
530 927 652 966 τᾶσδε
670 934 753 966 tres
772 924 896 966 codd.
918 939 969 965 ex
989 924 1227 981 conjectura
1246 924 1402 966 librarii
1422 925 1655 968 trimetrum

190 992 393 1034 facientis.

253 1073 550 1103 1020—1022.
571 1060 968 1112 τάνδε-βελέεσσιν
986 1075 1068 1102 om.
1094 1061 1262 1102 Barocc.
1284 1060 1386 1102 Ald.

253 1141 377 1171 1020.
408 1129 526 1171 τάνδε
546 1131 612 1171 Μ.
637 1129 790 1185 aliique
819 1128 1008 1170 nonnulli
1038 1143 1134 1169 cum
1158 1130 1297 1170 Turn.
1328 1130 1444 1170 τανδί
1469 1129 1657 1186 plerique

191 1211 287 1237 cum
310 1196 455 1253 Steph.
475 1197 508 1238 si
528 1197 631 1254 quid
652 1213 704 1238 ex
725 1197 887 1238 silentio
906 1196 1200 1254 colligendum.
1231 1197 1342 1239 τάνδι
1362 1197 1477 1239 Rob.

249 1265 538 1319 οἷστοδέγμονα
558 1266 623 1307 Μ.
654 1265 941 1319 ὀϊστοδέγμονα
961 1264 1101 1321 vulgo.
1162 1265 1242 1306 Est
1261 1264 1371 1306 idem
1392 1265 1507 1321 quod
1528 1267 1657 1307 οἰστο-

191 1333 299 1384 δόκη.

254 1412 550 1455 1021—1023.
582 1400 778 1441 Personae
800 1409 911 1440 recte
929 1398 1147 1455 descriptae
1166 1398 1208 1439 in
1232 1398 1378 1454 Steph.
1440 1399 1494 1440 In
1517 1401 1655 1440 Turn.

192 1471 267 1508 Χο.
296 1469 392 1509 τί-
413 1469 483 1511 Ξε.
511 1468 845 1520 βαιά-ἀρωγῶν.
877 1466 928 1507 In
949 1466 1060 1507 Rob.
1082 1469 1157 1507 Χο.
1178 1467 1273 1506 τί-
1294 1467 1362 1508 Ξε.
1396 1466 1657 1518 σεσωσμένον

190 1559 250 1567 -
264 1539 337 1576 Χο.
357 1534 516 1587 βαιά-
532 1536 602 1579 Ξε.
626 1533 883 1586 ἐσπανίσμεθ’
905 1536 1080 1588 ἀρωγῶν.
1114 1535 1166 1574 In
1184 1532 1301 1583 Ald.‚
1317 1548 1414 1588 quae
1428 1549 1467 1575 v,
1490 1547 1657 1577 1020-—

195 1616 317 1647 1022.
349 1613 474 1654 caret,
509 1604 579 1645 Ξε.
614 1604 948 1655 βαιά-ἀρωγῶν.
1010 1602 1170 1643 Xerxis
1202 1616 1420 1657 personam
1454 1612 1551 1643 ante
1585 1619 1655 1643 σε-

191 1671 403 1723 σωσμένον
422 1671 577 1713 habent
599 1671 730 1711 Paris.
752 1679 847 1711 tres.

255 1751 376 1781 1022.
395 1738 617 1791 βελέεσσιν
637 1738 923 1778 Hermannus.
952 1736 1153 1788 βέλεσσιν
1169 1737 1235 1777 Μ.
1259 1736 1435 1788 βέλεσσι
1456 1736 1654 1778 Cantabr.

191 1806 366 1863 primus.
396 1806 542 1858 βέλεσι
562 1805 703 1862 vulgo.
767 1803 1026 1846 Vocabulum
1046 1819 1127 1845 om.
1154 1804 1266 1845 Rob.

257 1886 376 1928 1025.
396 1873 539 1915 Ἰάνων
557 1872 793 1914 Passovius.
821 1871 986 1914 Ἰαόνων
1005 1873 1146 1928 vulgo,
1175 1871 1351 1913 Ἰαώνων
1373 1871 1473 1913 Ald.
1496 1871 1606 1912 Rob.

254 1944 378 1985 1026.
410 1941 643 1996 ἀγανόρειος
669 1943 736 1982 Μ.
767 1950 809 1982 et
835 1950 918 1982 tres
944 1939 1028 1981 alii.
1091 1939 1288 1995 Plerique
1315 1937 1532 1993 ἆγανόρεος
1559 1953 1655 1980 cum

194 2011 306 2052 Rob.
338 2009 550 2064 ἆγανόριος
569 2009 671 2050 Ald.
696 2010 834 2050 Turn.

253 2089 377 2132 1027.
399 2077 666 2132 ναύφρακτον]
688 2076 963 2118 Scribendum
987 2077 1251 2128 ναύφαρκτον.
1277 2076 1325 2116 V.
1346 2074 1399 2115 ad
1421 2090 1463 2115 v.
1487 2086 1585 2129 950.

254 2146 377 2187 1028.
413 2144 606 2200 ἐπέρρηξ’]
632 2144 833 2198 ’ἐπέρρηξά
862 2143 899 2197 γ’
933 2144 1076 2200 Steph.
1107 2154 1149 2184 et
1181 2142 1357 2199 aliquot,
1394 2151 1444 2184 ut
1472 2142 1655 2193 videtur,

191 2213 363 2255 codices.

250 2282 387 2336 κακοῦ]
411 2299 474 2334 γρ.
496 2285 624 2322 κακῶν
645 2282 781 2321 Turn.

255 2361 378 2402 1029.
410 2352 540 2389 παπαῖ
567 2347 631 2388 bis
651 2349 718 2388 M.
749 2362 844 2388 cum
871 2347 1000 2388 Paris.
1029 2361 1112 2387 uno
1142 2356 1182 2387 et
1210 2346 1319 2387 Rob.
1342 2345 1469 2400 vulgo
1492 2355 1655 2400 quater.

194 2417 248 2457 In
268 2415 389 2457 codd.
411 2414 621 2456 nonnullis
647 2414 770 2455 semel
791 2413 855 2455 vel
883 2423 970 2455 ter:
1002 2414 1043 2454 in
1071 2413 1161 2455 aliis
1190 2405 1412 2469 quinquies
1432 2412 1496 2453 vel
1527 2411 1657 2453 sexies

191 2483 309 2525 adeo.
371 2484 568 2524 Ceterum
604 2482 735 2523 παπαί
764 2490 997 2538 oxytonum
1029 2491 1091 2522 est
1121 2481 1164 2522 in
1199 2481 1302 2522 Ald.
1335 2482 1448 2522 Rob.
1487 2481 1624 2521 Turn.
1643 2495 1653 2520 ε

193 2551 510 2608 perispomenon
530 2550 571 2591 in
596 2549 742 2606 Steph.

256 2631 380 2674 1030.
400 2619 560 2673 πλεῖον]
587 2617 830 2673 Legebatur
851 2616 913 2657 καὶ
931 2620 1085 2657 πλεῖον.

251 2687 412 2741 πλεῖον]
436 2685 564 2727 πλέον
583 2685 706 2727 codd.
727 2682 915 2725 nonnulli
935 2693 976 2724 et
996 2683 1101 2724 Ald.
1125 2684 1263 2724 Turn.

250 2755 325 2806 μὲν
345 2754 416 2795 οὖν
435 2767 516 2794 om.
539 2763 620 2794 tres
640 2751 761 2793 codd.
782 2760 823 2792 et
844 2749 940 2791 Ald.

251 2820 344 2876 οὖν]
366 2821 412 2862 οὔ
432 2820 571 2862 V'rteb.
592 2821 735 2875 Mosq.

258 2902 380 2945 1032.
403 2889 544 2930 Choro
563 2887 808 2930 continuant
828 2885 932 2927 Ald.
954 2887 1094 2927 Turn.

251 2957 452 3012 χάρματα]
476 2957 704 3010 χαρίσματα
724 2957 830 2997 Ven.
850 2954 1010 3011 primus
1029 2963 1070 2995 et
1092 2952 1195 2994 Ald.
