1898 3178
311 173 337 210 4
834 168 1186 209 PRAEFATIO.

381 299 420 328 2.
451 281 539 334 Fl..
565 281 883 327 Florentianus
918 280 1212 326 bibliothecae
1246 278 1565 323 Laurentianae
1595 276 1741 337 plutei

316 375 384 417 31,
409 361 448 403 8.
483 357 748 402 chartaceus
782 356 924 401 seculi
951 373 1015 411 14.
1076 355 1241 400 Insunt
1276 352 1592 405 Prometheus,
1629 351 1743 411 Sep-

316 438 425 485 tem,
475 432 638 485 Persae,
683 431 1018 491 Agamemnon,
1066 429 1362 475 Eumenides.
1428 427 1582 487 Hujus
1637 427 1742 472 libri

314 508 587 552 lectionibus
621 522 648 551 a
688 506 761 551 Fr.
799 507 856 551 de
896 506 1034 550 Furia
1062 505 1261 563 acceptis
1297 504 1345 548 in
1374 502 1740 563 Agamemnone,

314 597 452 641 quam
483 582 686 627 fabulam
719 582 867 627 codex
899 582 1040 626 habet
1066 582 1305 640 integram,
1340 593 1448 624 usus
1485 584 1555 623 est
1583 578 1742 623 Blom-

313 658 477 703 fieldus
517 663 564 702 et
609 662 716 703 ante
760 657 1087 701 Blomfieldum
1123 655 1175 700 P.
1200 655 1449 701 Victorius.
1507 655 1741 699 Lectionis

314 733 626 778 diversitatem
661 732 719 776 ad
751 737 903 790 partes
937 730 1300 791 Agamemnonis
1333 730 1381 773 in
1415 728 1486 773 M.
1516 729 1742 774 desidera-

312 813 383 852 tas
408 808 481 852 Fr.
506 808 562 851 de
587 807 724 851 Furia
747 807 898 850 denuo
920 806 1156 865 proposuit
1178 806 1226 848 in
1249 805 1501 863 appendice
1525 804 1739 848 editionis

314 881 628 941 Weigelianae.
685 880 764 925 Ad
787 882 980 925 eandem
1003 880 1204 925 fabulam
1230 879 1531 924 Blomfieldus

377 957 456 1017 (3.)
481 957 638 1001 codice
662 955 849 1001 Veneto
873 959 968 999 616.
993 955 1233 999 chart-aceo
1257 954 1398 998 seculi
1428 971 1493 1012 13.
1527 968 1637 998 usus
1668 960 1738 998 est

310 1033 368 1077 ab
401 1031 576 1076 Jacobo
616 1030 817 1074 Morello
851 1029 1044 1075 collato:
1081 1044 1219 1088 quem
1255 1028 1369 1088 sigla
1414 1027 1519 1073 Ven.
1551 1029 1736 1072 indicat.

313 1107 472 1151 Habet
515 1110 793 1165 postremam
830 1104 1193 1165 Agamemnonis
1232 1109 1424 1163 partem,
1465 1107 1590 1147 caret
1629 1117 1737 1147 vero

311 1182 514 1227 Versibus
535 1185 783 1237 46—1121.

374 1274 416 1313 4.
453 1254 603 1316 Gueff.
645 1253 1044 1314 Guelferbytanus,
1079 1254 1346 1299 chartaceus
1382 1254 1524 1299 seculi
1563 1268 1627 1312 15.
1663 1270 1738 1299 co-

309 1333 402 1376 dex
423 1330 807 1382 mendosissimus‚
832 1329 1022 1374 editioni
1045 1328 1229 1374 Aldinae
1252 1330 1522 1375 simillimus.
1571 1330 1736 1375 Insunt

308 1405 474 1450 fabulae
497 1410 686 1464 septem,
710 1403 883 1448 lacunae
906 1405 1077 1448 eaedem
1100 1419 1199 1463 quae
1222 1405 1270 1449 in
1294 1405 1366 1449 M.
1408 1405 1513 1450 Hoc
1536 1405 1605 1450 usi
1629 1411 1737 1450 sunt

308 1479 541 1525 Askevius
574 1484 622 1524 et
657 1478 942 1531 Schuetzius‚
966 1479 1015 1523 in
1046 1478 1327 1539 Choephoris
1362 1481 1512 1525 denuo
1535 1481 1736 1539 inspexit

308 1553 614 1607 Klausenius3
648 1555 696 1598 in
733 1553 1024 1613 Supplicibus
1063 1553 1331 1608 Ahrensius‚
1372 1556 1450 1613 qui
1484 1556 1735 1600 editionem

308 1628 529 1674 Aldinam
559 1630 608 1673 in
631 1634 849 1687 quattuor
879 1630 1121 1688 postremis
1151 1631 1384 1690 tragoediis
1423 1646 1482 1675 ex
1516 1630 1604 1675 hoc
1637 1631 1735 1690 ipso

308 1705 465 1749 codice
499 1718 759 1763 expressam
800 1719 898 1748 esse
933 1705 1129 1762 conjecit
1164 1706 1212 1749 in
1252 1705 1641 1750 commentatione
1678 1705 1736 1749 de

306 1781 474 1825 caussis
496 1779 701 1839 AEschyli
734 1780 939 1823 nondum
974 1780 1083 1824 satis
1106 1780 1351 1833 emendati,
1375 1795 1475 1839 quae
1499 1780 1735 1839 Gottingae

305 1856 474 1914 prodiit
497 1870 537 1899 a.
562 1858 681 1912 1832.

369 1945 410 1988 5.
437 1928 490 1973 L.
510 1929 604 1973 sive
617 1927 731 1972 Par.
749 1927 1041 1972 bibliothecae
1063 1930 1199 1988 regiae
1218 1929 1438 1974 Parisinae
1463 1933 1587 1976 2886.
1607 1930 1735 1974 char-

306 2011 463 2050 taceus
498 2003 726 2063 (Catalogi
761 2002 850 2047 vol.
884 2019 921 2048 2.
962 2018 1005 2062 p.
1039 2018 1065 2061 5
1068 2006 1171 2063 56.),
1205 2020 1346 2049 manu
1384 2005 1491 2049 Jani
1528 2005 1733 2050 Lascaris

306 2080 513 2139 scriptus.
581 2078 746 2123 Insunt
781 2078 1096 2131 Prometheus,
1133 2078 1336 2138 Septem,
1366 2079 1527 2133 Persae,
1564 2081 1734 2124 Eume-

306 2155 447 2207 nides,
473 2154 725 2213 Supplices.
795 2154 1002 2199 Collatus
1036 2154 1145 2199 olim
1180 2156 1228 2198 in
1261 2170 1396 2200 usum
1419 2154 1626 2209 Askevii,
1655 2158 1734 2201 de-

306 2244 397 2273 nuo
420 2229 651 2288 inspectus
674 2245 702 2274 a
725 2229 914 2283 Faehsio,
939 2230 1015 2288 qui
1046 2230 1094 2274 in
1125 2245 1315 2274 numero
1339 2230 1507 2275 codicis
1529 2233 1732 2276 notando

306 2305 474 2349 erravit
507 2306 555 2349 in
591 2304 778 2365 Sylloge
811 2305 1063 2349 lectionum
1097 2320 1140 2363 p.
1165 2305 1260 2350 xix.
1295 2305 1527 2350 codicibus
1552 2311 1659 2364 2782
1684 2314 1732 2352 et

307 2384 430 2426 2886.
475 2380 688 2425 confusis.
757 2380 911 2439 Hujus
955 2380 1122 2425 codicis
1176 2379 1410 2434 lectiones,
1459 2381 1732 2440 plerumque

306 2470 412 2500 cum
437 2455 507 2499 M.
532 2456 883 2508 consentientes,
912 2456 960 2499 in
995 2455 1328 2499 Eumenidibus
1352 2461 1400 2500 et
1425 2455 1730 2515 Supphcibus,

305 2530 432 2575 nullo
472 2530 561 2575 alio
600 2532 647 2575 in
682 2531 798 2575 libro
839 2530 1044 2575 Parisino
1082 2532 1286 2589 repertis,
1322 2532 1511 2590 apposui
1548 2537 1731 2576 tantum

284 2608 398 2649 'non
432 2620 601 2658 omnes,
636 2605 750 2665 sigla
771 2603 884 2651 Par.
921 2606 1203 2666 designatas:
1239 2606 1286 2650 in
1319 2607 1465 2651 tribus
1501 2622 1607 2652 vero
1641 2608 1731 2666 pri-

305 2681 392 2724 mis
425 2680 590 2725 fabulis
622 2681 659 2724 si
688 2681 869 2739 quando
892 2679 989 2738 ejus
1022 2682 1196 2725 mentio
1231 2682 1318 2726 fuit
1353 2682 1574 2738 facienda,
1599 2682 1731 2727 litera

307 2756 360 2800 L.
386 2756 554 2799 notavi.

370 2836 408 2875 6.
450 2829 502 2875 Τ.
538 2829 647 2874 olim
682 2829 996 2884 Farnesianus,
1031 2832 1167 2876 hodie
1207 2831 1542 2891 Neapolitanus
1579 2833 1729 2892 regius
