1898 3256
378 212 463 254 274
848 210 1340 252 ANNOTATIONES

378 321 486 362 tion:
514 321 778 374 Ἀργυρόπους
803 321 950 372 δίφρος,
979 321 1000 360 ὃ
1032 320 1191 372 Ξέρξου,
1221 320 1263 363 ὃς
1294 319 1538 373 αἰχμάλωτος
1568 321 1810 368 ἐπεκαλεῖτο,

377 387 439 440 ἐφ’
470 388 515 429 οὗ
545 385 797 438 καθεζόμενος
828 387 983 438 ἐθεώρει
1017 386 1087 437 τὴν
1119 387 1350 440 ναυμαχίαν.
1381 386 1554 428 ἀνέκειτο
1585 387 1627 426 δὲ
1657 387 1712 428 εἰς
1741 385 1811 425 τὸν

376 458 605 507 παρθενῶνα
624 456 690 504 τῆς
708 452 888 504 Ἀθηνᾶς.
921 452 1080 493 Pariter
1095 468 1178 493 una
1197 462 1452 494 consecratus
1470 463 1530 493 est
1544 461 1585 493 et
1602 450 1811 492 Mardonii

375 520 580 568 acinaces3
613 534 705 562 cum
746 519 851 560 enim
892 520 1003 576 apud
1041 519 1332 574 Thucydidem
1367 519 1471 559 inter
1503 533 1643 559 omnes
1674 532 1811 559 rerum

376 587 526 642 copias,
542 587 693 642 quibus
714 586 986 627 Athenienses
1012 586 1127 627 initio
1146 585 1239 626 belli
1266 584 1597 641 Peloponnesiaci
1627 584 1810 625 abunda-

376 653 476 694 bant
511 657 637 694 σκῦλα
672 655 828 704 Μηδικὰ
865 663 1170 702 enumerantur,
1208 667 1290 693 non
1328 653 1443 693 aliter
1480 652 1613 693 locum
1645 650 1812 706 exponit

377 719 622 769 scholiastes,
642 734 765 774 quam
787 734 860 774 per
880 720 968 760 haec
987 720 1071 760 duo
1091 719 1274 768 donaria,
1294 719 1363 760 τὸν
1383 717 1627 772 ἀργυρόποδα
1657 716 1811 770 θρόνον,

379 787 442 826 καὶ
460 786 529 826 τὸν
549 785 733 836 ἀκινάκην
752 785 821 826 τὸν
839 789 1023 838 χρυσοῦν.
1083 787 1149 826 De
1169 786 1320 840 quibus
1341 785 1547 840 Ulpianus
1567 786 1618 825 ad
1640 783 1814 839 Olynth.

378 864 418 904 3.
440 866 482 906 p.
507 863 528 889 2
531 864 571 905 5.
587 853 615 891 ’ὁ
635 853 711 903 γὰρ
733 850 882 903 Ξέρξου
902 852 1038 904 δίφρος
1058 853 1121 893 καὶ
1141 854 1162 892 ὁ
1184 851 1364 902 ἀκινάκης
1384 852 1620 903 Μαρδονίου,
1637 852 1658 890 ὁ
1678 851 1751 901 μὲν
1771 851 1814 889 ἐκ

378 921 612 968 Σαλαμῖνος,
635 919 656 957 ὁ
674 919 715 957 δὲ
736 919 778 957 ἐκ
798 918 1031 958 Πλαταιέων
1053 918 1302 968 ἀνετέθησαν.
1357 917 1496 958 Etiam
1517 916 1814 958 Demosthenes

377 992 479 1024 orat.
498 983 539 1023 in
562 982 742 1024 Timocr.
767 985 824 1038 (p.
849 993 945 1036 741,
966 986 1024 1034 6.)
1050 993 1270 1039 utrumque
1289 983 1515 1039 conjunxit,
1536 984 1744 1034 ταμιεύσας
1771 983 1815 1022 ἐν

379 1049 588 1102 ἀκροπόλει
616 1052 665 1090 τὰ
694 1051 870 1102 ἀριστεῖα
898 1053 963 1101 τῆς
990 1049 1153 1098 πόλεως,
1181 1051 1207 1091 δ.
1237 1050 1385 1100 ἔλαβεν
1405 1050 1481 1090 ἀπὸ
1505 1054 1581 1090 τῶν
1599 1047 1815 1102 βαρβάρων

378 1114 623 1171 ὑφῃρημένος
643 1114 690 1165 ἐξ
705 1114 965 1167 ἀκροπόλεως,
987 1117 1056 1157 τόν
1074 1133 1117 1157 τε
1137 1117 1275 1167 δίφρον
1301 1116 1370 1156 τὸν
1389 1114 1644 1168 ἀργυρόποδα,
1667 1114 1728 1155 καὶ
1747 1114 1816 1155 τὸν

379 1179 564 1232 ἀκινάκην
584 1184 652 1222 τοῦ
672 1183 912 1234 Μαρδονίου,
931 1182 974 1225 ὃς
992 1182 1064 1235 ἦγε
1083 1183 1323 1234 τριακοσίους
1342 1183 1547 1234 δαρεικούς.
1581 1180 1799 1221 STANL.

436 1247 575 1300 εὐαγῆ]
615 1247 853 1297 Scholiasta,
889 1249 982 1289 ὅθεν
1014 1250 1174 1289 ἐδύνατο
1208 1252 1332 1290 καλῶς
1365 1249 1476 1300 ἄγειν
1510 1248 1578 1288 τὸν
1606 1246 1815 1303 ὀφθαλμὸν

379 1318 582 1368 πανταχοῦ
602 1316 664 1355 καὶ
683 1315 862 1366 βλέπειν·
894 1316 1049 1368 ὑψηλὸς
1075 1317 1150 1368 γὰρ
1179 1315 1241 1366 ἧν.
1271 1314 1315 1355 τὸ
1336 1316 1378 1355 δὲ
1399 1315 1517 1366 εὐαγῆ
1536 1313 1681 1355 παντὸς
1700 1329 1817 1365 στρα-

379 1384 447 1422 τοῦ
467 1381 552 1422 ἀντὶ
577 1384 646 1421 τοῦ
672 1384 856 1433 καθαρὰν,
880 1381 1183 1435 κεχωρισμένην,
1205 1381 1247 1421 εὖ
1267 1380 1439 1433 ἔχουσαν
1459 1381 1543 1420 οἷον
1567 1379 1637 1429 τὴν
1663 1380 1816 1431 ἄποψιν

382 1449 443 1488 καὶ
460 1449 717 1499 ἐπιτηροῦσαν
737 1448 806 1488 τὸν
826 1449 929 1488 λεὼν
950 1447 1117 1488 ἅπαντα.
1147 1446 1170 1497 ἢ
1193 1445 1410 1499 αὐγάζοντα
1430 1446 1492 1487 καὶ
1511 1447 1671 1499 ὁρῶντα.
1698 1446 1816 1486 Post.-

379 1528 492 1554 rema
522 1513 610 1553 haec
639 1512 918 1567 interpretatio
947 1522 1044 1568 apta
1072 1522 1132 1553 est
1166 1512 1366 1567 adjectivo
1396 1513 1552 1564 εὐαυγῆ,
1583 1511 1695 1566 quod
1721 1526 1815 1552 con-

376 1579 537 1633 jectura
556 1579 756 1634 probabili
778 1579 953 1619 restituit
974 1578 1310 1619 Hemsterhusius
1329 1593 1394 1633 ap.
1413 1579 1579 1632 Musgr.
1593 1578 1646 1618 ad
1666 1578 1814 1633 Eurip.

384 1644 530 1700 Suppl.
555 1645 650 1697 652.
670 1644 789 1699 cujus
818 1645 1054 1686 sententiam
1079 1645 1335 1700 impugnavit
1355 1644 1576 1685 Elmsleius
1594 1644 1647 1684 ad
1667 1643 1814 1699 Eurip.

383 1711 534 1752 Bacch.
556 1712 666 1759 660„
687 1710 871 1751 defendit
892 1711 943 1751 L.
961 1711 1202 1751 Dindorfius
1221 1711 1262 1751 in
1285 1711 1500 1751 Thesauro
1519 1725 1551 1750 s.
1573 1725 1612 1750 v.
1636 1710 1804 1763 Εὐαγής.

437 1778 534 1830 467.
557 1775 673 1831 ἁλός]
695 1775 835 1829 χθονός
855 1776 964 1817 Rob.

439 1852 535 1895 470.
567 1842 643 1892 ἵησ’
667 1842 775 1883 Rob.
820 1842 896 1893 ἴησ’
918 1843 983 1882 Μ.
1005 1852 1044 1882 et
1064 1860 1125 1894 γρ.
1149 1843 1198 1883 B.
1222 1850 1268 1883 ut
1297 1843 1379 1893 ἥσω
1409 1857 1484 1897 pro
1502 1842 1584 1893 ἥσω
1607 1856 1632 1882 a
1651 1841 1819 1896 quibus-

383 1909 476 1949 dam
506 1908 655 1948 lectum
686 1908 765 1949 fuit
785 1923 850 1963 ap.
873 1908 1020 1963 Eurip.
1044 1909 1149 1949 Hec.
1173 1909 1264 1960 164.
1296 1908 1413 1949 Libri
1437 1908 1581 1962 reliqui
1599 1907 1688 1960 ἤιξ’.
1739 1910 1818 1948 Est

383 1984 519 2015 autem
543 1977 623 2024 ἵησι
643 1974 934 2030 significatione
953 1974 1207 2014 intransitiva
1225 1974 1379 2014 dictum
1400 1989 1475 2030 pro
1494 1976 1604 2023 ἵεται,
1626 1982 1674 2015 ut
1694 1974 1819 2015 καθιέ-

384 2058 448 2082 ναι
481 2056 558 2096 pro
591 2041 763 2081 καθιέναι
798 2042 936 2081 ἑαυτόν
965 2041 1027 2080 vel
1061 2041 1262 2081 καθίεσθαι
1293 2040 1452 2081 dicitur.
1503 2042 1557 2081 In
1589 2042 1638 2081 Β.
1672 2040 1727 2095 gl.
1759 2050 1819 2081 est

386 2108 585 2158 ἐπορεύθη.
1223 2103 1239 2117 “’

441 2171 617 2226 ἀκόσμῳ]
640 2173 795 2225 ἀπότμῳ
818 2173 936 2211 Cant.
958 2171 1125 2225 primus.

440 2241 596 2293 ἀκόσμῳ
619 2238 706 2291 ξὺν]
731 2238 908 2288 ἀκόσμως
928 2238 1000 2278 σὺν
1020 2237 1105 2278 duo
1126 2237 1243 2278 codd.
1296 2237 1415 2278 Conf.
1438 2253 1474 2277 v.
1496 2250 1592 2289 422.

441 2315 537 2357 471.
557 2303 757 2357 πάροιθεν]
778 2303 940 2355 πάροιθε
960 2313 1040 2343 tres
1059 2303 1178 2344 codd.
1200 2312 1241 2343 et
1261 2303 1361 2343 Ald.
1384 2303 1491 2344 Rob.

441 2372 643 2422 ξυμφορὰν
681 2370 901 2409 Porsonus.
968 2371 1173 2421 συμφορὰν
1212 2368 1350 2424 vulgo.
1410 2372 1591 2423 συμφορᾷ
1624 2378 1820 2424 quattuor

386 2436 508 2478 codd.

443 2513 538 2555 474.
562 2501 668 2556 εὗρε]
693 2500 962 2542 scribendum
984 2501 1088 2552 ηὗρε.

444 2568 686 2620 ἀπήρκεσαν]
720 2567 917 2618 ἀπήρκεαν
937 2567 1038 2606 Ald.
1071 2566 1265 2618 ἀπήρκεσε
1286 2568 1352 2607 Μ.
1397 2567 1616 2619 ἀπήρκεσεν
1637 2569 1686 2608 C.
1708 2568 1818 2608 Rob.

389 2634 607 2686 ἐπήρκεσαν
627 2633 762 2674 Viteb.

442 2710 540 2751 477.
561 2699 743 2752 τοσόνδε]
766 2699 936 2738 τόσωνδε
958 2698 1025 2737 Μ.

442 2765 542 2817 478.
573 2768 677 2805 ναῶν
708 2763 850 2818 Steph.
871 2773 911 2804 et
933 2762 1054 2803 codd.
1085 2762 1292 2817 plerique:
1324 2762 1408 2802 duo
1438 2767 1539 2814 νηῶν
1567 2778 1661 2804 cum
1683 2765 1819 2804 Turn.

391 2832 441 2871 In
463 2829 560 2870 Ald.
582 2829 693 2872 Rob.
715 2833 823 2870 νεῶν.

443 2906 541 2950 479.
562 2895 734 2948 ἔλειπες]
758 2895 890 2937 ἔλιπες
909 2895 1019 2935 A.B.
1041 2893 1190 2948 aliique
1209 2893 1392 2934 nonnulli
1413 2909 1506 2934 cum
1529 2895 1628 2935 Ald.
1652 2896 1783 2935 Turn.
