1898 3256
323 229 405 267 180
794 226 1287 268 ANNOTATIONES

323 335 376 376 ὅδ’
409 335 515 376 ἔστιν
539 334 722 382 Ἀθάνας,
748 335 794 376 ὅν
820 351 916 376 ποτε
944 336 1102 387 Κάδμος
1126 337 1286 381 Ele-aro,
1307 339 1408 386 βοῦν
1437 333 1469 375 θ’
1493 334 1680 386 ἱέρευσεν,
1700 334 1755 375 ὅτ’

325 403 479 443 ἔκτισεν
497 402 595 442 ἄστυ
615 401 658 441 τὸ
680 401 832 453 Θήβας.
864 403 1091 442 BLOMF.

379 468 477 518 488.
516 466 832 523 Ἱππομέδοντος]
867 466 1173 519 Ἱππωμέὸοντος
1208 469 1341 508 Turn.
1403 469 1532 508 Recte
1562 466 1757 507 Priscian.

323 550 365 590 p.
385 536 503 588 1328.
525 534 590 574 ed.
612 535 783 575 Putsch.
816 539 842 559 “
865 535 1092 590 AEschylus
1111 536 1156 574 in
1176 533 1301 575 Ἑπτὰ
1323 534 1385 574 ἐπὶ
1406 533 1558 584 Θήβας,
1579 531 1760 583 Ἱππομέ-

257 595 259 597 ’
324 605 459 643 δοντος
489 603 621 654 σχῆμα
650 601 712 641 καὶ
740 601 863 653 μέγας
890 602 1019 644 τύπος.
1080 603 1133 641 In
1161 602 1368 656 principio
1397 601 1506 640 enim
1538 599 1758 640 trochaeum

319 669 473 723 posuit,
495 681 610 722 quem
634 668 801 707 imitans
822 667 1054 721 Sophocles,
1076 673 1172 707 teste
1192 668 1371 715 Seleuco,
1389 667 1551 722 profert
1570 665 1758 720 quoedam

323 740 467 774 contra
501 734 631 788 legem
668 739 919 779 metrorum‚·
965 733 1072 773 sicut
1104 734 1151 773 in
1185 733 1285 773 hoc.-
1329 732 1622 784 Ἀλφεσίβοιαν
1655 731 1703 781 ἦν
1736 732 1758 770 ὁ

323 799 517 852 γεννήσας
536 800 675 851 πατήρ.
736 800 894 839 Eodem
917 800 1038 840 modo
1058 803 1353 852 Παρθενοπαῖος
1379 797 1580 853 producta
1604 796 1759 853 syllaba

324 866 501 906 secunda
537 865 641 905 dixit
676 865 900 920 AEschylus
937 866 1044 906 infra
1074 881 1110 907 v.
1136 878 1235 920 547.
1274 875 1315 905 et
1345 863 1534 919 AEschyli
1572 862 1760 918 exemplo

325 932 549 987 Euripides
571 932 718 986 Suppl.
741 932 836 985 889.

381 999 515 1052 τύπος]
542 999 680 1040 κτύπος
698 997 854 1052 aliquot
875 997 996 1038 codd.
1017 1008 1057 1039 et
1078 998 1184 1039 Rob.

380 1066 475 1119 489.
499 1066 597 1118 ἅλω]
625 1065 742 1111 ἅλως,
759 1065 871 1104 Area
891 1065 1123 1105 circularis.
1152 1065 1175 1115 ἡ
1196 1068 1263 1104 τοῦ
1282 1063 1446 1115 ἡλίου,ἢ
1468 1062 1636 1114 σελήνης
1654 1079 1758 1114 περι-

324 1132 475 1184 φέρεια.
523 1132 719 1185 Αἰσχύλος
758 1132 799 1171 δὲ
837 1132 1088 1184 περιφέρειαν
1126 1135 1191 1183 τῆς
1235 1131 1408 1174 ἀσπίδος.
1448 1130 1630 1184 Hesych.
1692 1131 1759 1170 Ita

322 1199 540 1254 legendum
570 1198 743 1238 videtur.
805 1199 932 1238 Recte
961 1198 1188 1246 scholiasta,
1214 1197 1349 1240 ’Άλως
1379 1198 1462 1238 ἐστὶ
1489 1198 1633 1249 κυρίως,
1665 1198 1760 1237 ὅταν

324 1265 424 1318 νέφη
453 1266 540 1317 περὶ
569 1264 638 1304 τὸν
666 1264 780 1314 ἥλιον
807 1264 1041 1304 ἐκκαυθέντα
1062 1267 1183 1305 λευκὰ
1203 1266 1394 1317 φαίνεται,
1418 1265 1479 1304 καὶ
1500 1265 1549 1307 ὡς
1570 1265 1613 1304 ἐν
1634 1265 1758 1317 κύκλῳ

323 1335 391 1372 τοῦ
410 1333 521 1382 ἡλίου
540 1331 712 1383 γένηται.
775 1330 978 1371 Stanleius
996 1331 1152 1371 confert
1173 1331 1285 1386 Virg.
1309 1332 1406 1371 AEn.
1429 1344 1469 1385 3,
1493 1332 1587 1385 637.
1622 1332 1759 1386 Argo-

323 1397 393 1437 lici
422 1398 566 1452 clypei,
595 1403 670 1437 aut
703 1397 884 1437 Phoebeae
917 1398 1122 1452 lampadis
1149 1399 1296 1438 instar.
1358 1397 1500 1438 Utitur
1533 1397 1608 1437 hoc
1640 1412 1759 1437 versu

326 1464 506 1518 Scaliger
531 1463 572 1503 in
605 1464 776 1503 Varron.
805 1479 846 1518 p.
869 1476 938 1516 49.
969 1463 1040 1518 qui
1068 1463 1311 1514 observavit,
1341 1463 1467 1504 solere
1497 1463 1758 1519 AEschylum‚

324 1546 454 1585 quum
482 1529 717 1570 duriuscula
746 1529 935 1584 quaedam
967 1539 1038 1569 aut
1067 1529 1279 1570 insolentia
1308 1530 1436 1585 ponit,
1466 1523 1606 1570 eorum
1634 1530 1759 1570 inter-

324 1606 580 1652 pretamenta
601 1596 813 1651 subjicere,
834 1605 881 1635 ut
900 1595 940 1634 in
964 1596 1141 1635 Eumen.
1161 1605 1228 1649 45.
1251 1596 1322 1636 ubi
1349 1596 1560 1636 scholiasta
1586 1596 1691 1635 idem
1710 1595 1761 1636 de

324 1663 455 1719 poetis
474 1662 715 1718 generaliter
735 1661 904 1702 notavit.
950 1662 1018 1702 Cf.
1042 1661 1291 1703 Valckenaer.
1311 1662 1362 1702 ad
1385 1661 1535 1718 Eurip.
1557 1662 1759 1704 Pboeniss.

326 1743 422 1784 994.
453 1728 603 1784 Eurip.
634 1729 784 1769 Helen.
807 1729 924 1782 1693.
959 1730 1115 1781 Φρουρὰ
1144 1728 1230 1781 παρ’
1262 1730 1380 1780 ἀκτὴν
1407 1728 1608 1780 τεταμένη,
1640 1731 1761 1779 νῆσον

324 1796 444 1848 λέγω.
477 1795 705 1835 BLOMF.

381 1875 479 1916 491.
509 1860 792 1915 σηματουργὸς]
817 1862 1031 1916 Signg'feoe.
1093 1861 1295 1902 Stanleius
1313 1861 1416 1902 bene
1435 1861 1605 1903 advocat
1626 1860 1760 1916 Apul.

326 1929 432 1970 Met.
452 1941 488 1969 2.
510 1944 550 1984 p.
572 1942 641 1982 39.
701 1929 757 1967 In
777 1942 854 1983 quo
866 1941 1070 1967 summum
1089 1929 1289 1982 specimen
1308 1928 1626 1983 operaefhbrilis
1646 1941 1763 1982 egre-

319 1997 424 2051 gius
444 1995 511 2035 ille
530 1994 721 2050 signifex
736 1993 938 2048 prodidit.
998 1993 1123 2034 Adde
1143 1993 1317 2034 eundem
1341 1994 1475 2035 Miles.
1499 1995 1547 2034 V.
1568 1993 1657 2034 init.

382 2062 439 2113 ἄρ’
459 2061 527 2115 ἦν]
551 2060 607 2112 ἆρ’
628 2060 677 2110 ἦν
697 2059 797 2101 Ald.
820 2060 928 2100 Rob.
960 2060 1056 2111 ἀνὴρ
1076 2060 1232 2116 aliquot
1253 2060 1371 2101 codd.

382 2141 480 2182 493.
504 2125 648 2179 στόμα]
673 2127 863 2176 στόματος
883 2127 991 2166 Rob.

383 2206 480 2247 494.
506 2192 636 2245 κάσιν]
663 2192 784 2232 Conf.
805 2192 857 2232 ad
878 2193 1031 2246 Agam.
1051 2206 1147 2246 494.

382 2262 479 2312 496.
497 2258 828 2312 προσηδάφισται]
845 2259 1130 2311 προσεδαφίζω,
1148 2259 1337 2300 Solidum
1352 2259 1486 2310 reddo.
1502 2259 1635 2300 Gloss.
1652 2261 1762 2301 Vett.

328 2325 516 2374 Labbaei,
537 2326 744 2377 Ἐδαφίζω.
766 2326 910 2366 Pavio.
935 2326 1193 2365 Pavimento.
1223 2324 1435 2378 Ἐδαφίζει.
1467 2327 1642 2367 Solidat.
1675 2328 1763 2367 He-

328 2392 440 2448 sych.
469 2391 713 2443 Ἤδάφωται.
745 2392 988 2432 κατώκισται.
1048 2392 1203 2432 Forsan
1234 2392 1457 2444 ἠδάφισται.
1496 2392 1590 2433 Vid.
1619 2392 1764 2433 Valck-

327 2473 451 2499 enaer.
474 2457 606 2498 Schol.
628 2457 670 2498 in
692 2458 797 2497 Luc.
820 2470 884 2511 19,
905 2470 974 2510 44.
1007 2458 1236 2498 BLOMF.

384 2536 482 2578 497.
504 2523 767 2578 ἐπηλάλαξεν]
790 2524 1036 2574 ἐπηλάλαξεν
1055 2524 1212 2578 aliquot
1231 2524 1350 2565 codd.

380 2590 494 2642 ”Apa
514 2591 571 2629 A.
599 2589 748 2644 aliique
773 2589 956 2630 nonnulli
986 2605 1079 2630 cum
1110 2590 1216 2632 Rob.
1238 2590 1374 2643 ’Άρειν
1394 2591 1492 2631 Ald.
1517 2590 1618 2646 Ἀρῃ
1639 2592 1701 2633 Μ.
1723 2596 1764 2633 et

330 2657 508 2698 Vindob.
531 2671 650 2696 unus,

385 2723 481 2777 498.
504 2723 629 2764 Θυιὰς
651 2721 760 2762 Seld.
792 2725 900 2764 Θυὸς
919 2722 1053 2778 vulgo.

387 2789 539 2844 φόβον]
565 2787 832 2829 Scribendum
855 2790 980 2840 φόνον
998 2803 1090 2829 cum
1113 2790 1300 2830 Cantero.

385 2867 484 2908 500.
506 2854 648 2908 φόβος]
669 2855 801 2906 φόβον
820 2854 904 2895 duo
923 2854 1043 2895 codd.

385 2933 483 2975 501.
505 2920 677 2973 πρῶτον]
697 2924 830 2973 πρῶτα
847 2920 1004 2976 aliquot
1022 2921 1140 2962 codd.
1162 2931 1203 2962 et
1221 2921 1321 2963 Ald.
1344 2921 1453 2964 Rob.
