<?xml version="1.0" encoding="UTF-8"?>
<!DOCTYPE html PUBLIC "-//W3C//DTD XHTML 1.0 Transitional//EN"
    "http://www.w3.org/TR/xhtml1/DTD/xhtml1-transitional.dtd">
<html xmlns="http://www.w3.org/1999/xhtml" xml:lang="en" lang="en">
 <head>
  <title>
</title>
<meta http-equiv="Content-Type" content="text/html;charset=utf-8" />
  <meta name='ocr-system' content='tesseract 3.04.00' />
  <meta name='ocr-capabilities' content='ocr_page ocr_carea ocr_par ocr_line ocrx_word'/>
</head>
<body>
  <div class='ocr_page' id='page_1' title='image "./tragoediaesupers02aescuoft_0323.png"; bbox 0 0 1898 3256; ppageno 0'>
   <div class='ocr_carea' id='block_1_1' title="bbox 744 194 1671 241">
    <p class='ocr_par' dir='ltr' id='par_1_1' title="bbox 744 194 1671 241">
     <span class='ocr_line' id='line_1_1' title="bbox 744 194 1671 241; baseline 0.003 -5"><span class='ocrx_word' id='word_1_1' title='bbox 744 194 835 236; x_wconf 93' lang='lat' dir='ltr'>AD</span> <span class='ocrx_word' id='word_1_2' title='bbox 867 194 1119 237; x_wconf 87' lang='lat' dir='ltr'>PERSAS.</span> <span class='ocrx_word' id='word_1_3' title='bbox 1367 225 1370 227; x_wconf 93' lang='lat'>-</span> <span class='ocrx_word' id='word_1_4' title='bbox 1585 195 1671 241; x_wconf 77' lang='lat'>319</span> 
     </span>
    </p>
   </div>
   <div class='ocr_carea' id='block_1_2' title="bbox 198 304 1719 2950">
    <p class='ocr_par' dir='ltr' id='par_1_2' title="bbox 198 304 1668 568">
     <span class='ocr_line' id='line_1_2' title="bbox 198 304 1668 365; baseline 0.003 -19"><span class='ocrx_word' id='word_1_5' title='bbox 198 304 304 347; x_wconf 89' lang='lat' dir='ltr'>Ald.</span> <span class='ocrx_word' id='word_1_6' title='bbox 324 305 437 348; x_wconf 90' lang='lat' dir='ltr'>Rob.</span> <span class='ocrx_word' id='word_1_7' title='bbox 456 307 589 349; x_wconf 84' lang='lat' dir='ltr'>Turn.</span> <span class='ocrx_word' id='word_1_8' title='bbox 613 307 683 351; x_wconf 85' lang='grc' dir='ltr'>Ξέ.</span> <span class='ocrx_word' id='word_1_9' title='bbox 703 307 875 360; x_wconf 84' lang='grc' dir='ltr'>μέλαινα</span> <span class='ocrx_word' id='word_1_10' title='bbox 896 306 928 349; x_wconf 86' lang='grc' dir='ltr'>δ’</span> <span class='ocrx_word' id='word_1_11' title='bbox 947 309 996 350; x_wconf 79' lang='grc' dir='ltr'>αὖ</span> <span class='ocrx_word' id='word_1_12' title='bbox 1010 308 1212 360; x_wconf 79' lang='grc' dir='ltr'>μεμίξεται</span> <span class='ocrx_word' id='word_1_13' title='bbox 1237 307 1244 365; x_wconf 81' lang='grc' dir='ltr'>Ι</span> <span class='ocrx_word' id='word_1_14' title='bbox 1268 325 1336 361; x_wconf 92' lang='grc' dir='ltr'>μοι</span> <span class='ocrx_word' id='word_1_15' title='bbox 1358 308 1421 350; x_wconf 85' lang='grc' dir='ltr'>καὶ</span> <span class='ocrx_word' id='word_1_16' title='bbox 1440 308 1668 352; x_wconf 80' lang='grc' dir='ltr'>στονόεσσα</span> 
     </span>
     <span class='ocr_line' id='line_1_3' title="bbox 198 372 1668 435; baseline 0.003 -21"><span class='ocrx_word' id='word_1_17' title='bbox 198 372 351 426; x_wconf 83' lang='grc' dir='ltr'>πλαγά,</span> <span class='ocrx_word' id='word_1_18' title='bbox 373 373 516 430; x_wconf 90' lang='lat' dir='ltr'>Steph.</span> <span class='ocrx_word' id='word_1_19' title='bbox 538 373 661 430; x_wconf 88' lang='lat' dir='ltr'>cujus</span> <span class='ocrx_word' id='word_1_20' title='bbox 679 374 721 415; x_wconf 91' lang='lat' dir='ltr'>in</span> <span class='ocrx_word' id='word_1_21' title='bbox 743 374 923 416; x_wconf 85' lang='lat' dir='ltr'>editione</span> <span class='ocrx_word' id='word_1_22' title='bbox 942 374 1058 416; x_wconf 86' lang='lat' dir='ltr'>chori</span> <span class='ocrx_word' id='word_1_23' title='bbox 1086 390 1273 432; x_wconf 84' lang='lat' dir='ltr'>personae</span> <span class='ocrx_word' id='word_1_24' title='bbox 1299 385 1395 418; x_wconf 84' lang='lat' dir='ltr'>nota</span> <span class='ocrx_word' id='word_1_25' title='bbox 1421 377 1576 419; x_wconf 82' lang='lat' dir='ltr'>excidit</span> <span class='ocrx_word' id='word_1_26' title='bbox 1604 385 1668 435; x_wconf 90' lang='lat' dir='ltr'>ty-</span> 
     </span>
     <span class='ocr_line' id='line_1_4' title="bbox 199 440 1668 498; baseline 0.004 -16"><span class='ocrx_word' id='word_1_27' title='bbox 199 440 382 496; x_wconf 84' lang='lat' dir='ltr'>pothetae</span> <span class='ocrx_word' id='word_1_28' title='bbox 401 441 539 498; x_wconf 89' lang='lat' dir='ltr'>culpa,</span> <span class='ocrx_word' id='word_1_29' title='bbox 560 450 610 484; x_wconf 90' lang='lat' dir='ltr'>ut</span> <span class='ocrx_word' id='word_1_30' title='bbox 629 442 809 484; x_wconf 88' lang='lat' dir='ltr'>videtur.</span> <span class='ocrx_word' id='word_1_31' title='bbox 870 443 1013 485; x_wconf 90' lang='lat' dir='ltr'>Choro</span> <span class='ocrx_word' id='word_1_32' title='bbox 1031 443 1121 485; x_wconf 88' lang='lat' dir='ltr'>haec</span> <span class='ocrx_word' id='word_1_33' title='bbox 1141 444 1268 486; x_wconf 84' lang='lat' dir='ltr'>verba</span> <span class='ocrx_word' id='word_1_34' title='bbox 1287 445 1427 487; x_wconf 85' lang='lat' dir='ltr'>omnia</span> <span class='ocrx_word' id='word_1_35' title='bbox 1446 445 1668 488; x_wconf 83' lang='lat' dir='ltr'>tribuenda</span> 
     </span>
     <span class='ocr_line' id='line_1_5' title="bbox 199 509 769 568; baseline 0.005 -19"><span class='ocrx_word' id='word_1_36' title='bbox 199 523 287 550; x_wconf 86' lang='lat' dir='ltr'>esse</span> <span class='ocrx_word' id='word_1_37' title='bbox 305 509 412 551; x_wconf 88' lang='lat' dir='ltr'>vidit</span> <span class='ocrx_word' id='word_1_38' title='bbox 431 511 546 552; x_wconf 89' lang='lat' dir='ltr'>E.R.</span> <span class='ocrx_word' id='word_1_39' title='bbox 566 510 769 568; x_wconf 81' lang='lat' dir='ltr'>Langius.</span> 
     </span>
    </p>

    <p class='ocr_par' dir='ltr' id='par_1_3' title="bbox 200 578 1665 704">
     <span class='ocr_line' id='line_1_6' title="bbox 261 578 1665 635; baseline 0.002 -16"><span class='ocrx_word' id='word_1_40' title='bbox 261 588 384 634; x_wconf 86' lang='lat'>1053.</span> <span class='ocrx_word' id='word_1_41' title='bbox 421 578 484 620; x_wconf 87' lang='grc' dir='ltr'>καὶ</span> <span class='ocrx_word' id='word_1_42' title='bbox 518 580 739 620; x_wconf 90' lang='lat' dir='ltr'>Porsonus.</span> <span class='ocrx_word' id='word_1_43' title='bbox 774 596 841 631; x_wconf 89' lang='grc' dir='ltr'>μοι</span> <span class='ocrx_word' id='word_1_44' title='bbox 875 579 1061 620; x_wconf 91' lang='grc' dir='ltr'><strong>Α.Β.Μ.</strong></span> <span class='ocrx_word' id='word_1_45' title='bbox 1097 578 1250 635; x_wconf 86' lang='lat' dir='ltr'>aliique</span> <span class='ocrx_word' id='word_1_46' title='bbox 1280 595 1377 621; x_wconf 90' lang='lat' dir='ltr'>cum</span> <span class='ocrx_word' id='word_1_47' title='bbox 1413 579 1516 622; x_wconf 90' lang='lat' dir='ltr'>Ald.</span> <span class='ocrx_word' id='word_1_48' title='bbox 1550 580 1665 623; x_wconf 90' lang='lat' dir='ltr'>Rob.</span> 
     </span>
     <span class='ocr_line' id='line_1_7' title="bbox 200 645 1507 704; baseline 0.002 -18"><span class='ocrx_word' id='word_1_49' title='bbox 200 645 337 688; x_wconf 83' lang='lat' dir='ltr'>Turn.</span> <span class='ocrx_word' id='word_1_50' title='bbox 369 664 436 699; x_wconf 92' lang='grc' dir='ltr'>μοι</span> <span class='ocrx_word' id='word_1_51' title='bbox 458 648 520 689; x_wconf 88' lang='grc' dir='ltr'>καὶ</span> <span class='ocrx_word' id='word_1_52' title='bbox 540 646 684 704; x_wconf 87' lang='lat' dir='ltr'>Steph.</span> <span class='ocrx_word' id='word_1_53' title='bbox 747 646 1020 689; x_wconf 85' lang='lat' dir='ltr'>Scribendum</span> <span class='ocrx_word' id='word_1_54' title='bbox 1043 646 1080 688; x_wconf 84' lang='grc' dir='ltr'>οἲ</span> <span class='ocrx_word' id='word_1_55' title='bbox 1100 662 1196 688; x_wconf 89' lang='lat' dir='ltr'>cum</span> <span class='ocrx_word' id='word_1_56' title='bbox 1219 647 1507 690; x_wconf 86' lang='lat' dir='ltr'>Lachmanno.</span> 
     </span>
    </p>

    <p class='ocr_par' dir='ltr' id='par_1_4' title="bbox 198 713 1666 1109">
     <span class='ocr_line' id='line_1_8' title="bbox 262 713 1666 773; baseline 0.002 -18"><span class='ocrx_word' id='word_1_57' title='bbox 262 723 387 770; x_wconf 81' lang='lat'>1054.</span> <span class='ocrx_word' id='word_1_58' title='bbox 420 713 609 771; x_wconf 85' lang='grc' dir='ltr'>κάπιβόα]</span> <span class='ocrx_word' id='word_1_59' title='bbox 641 715 705 757; x_wconf 84' lang='grc' dir='ltr'>καὶ</span> <span class='ocrx_word' id='word_1_60' title='bbox 732 713 815 767; x_wconf 88' lang='grc' dir='ltr'>βόα</span> <span class='ocrx_word' id='word_1_61' title='bbox 842 714 1039 756; x_wconf 84' lang='lat' dir='ltr'>Eustath.</span> <span class='ocrx_word' id='word_1_62' title='bbox 1058 714 1113 756; x_wconf 85' lang='lat' dir='ltr'>ad</span> <span class='ocrx_word' id='word_1_63' title='bbox 1133 715 1309 773; x_wconf 89' lang='lat' dir='ltr'>Dionys.</span> <span class='ocrx_word' id='word_1_64' title='bbox 1332 717 1382 757; x_wconf 93' lang='lat' dir='ltr'>P.</span> <span class='ocrx_word' id='word_1_65' title='bbox 1405 727 1502 771; x_wconf 92' lang='lat'>791.</span> <span class='ocrx_word' id='word_1_66' title='bbox 1562 718 1666 759; x_wconf 87' lang='lat' dir='ltr'>Ver-</span> 
     </span>
     <span class='ocr_line' id='line_1_9' title="bbox 198 780 1665 840; baseline 0.004 -18"><span class='ocrx_word' id='word_1_67' title='bbox 198 780 302 823; x_wconf 93' lang='lat' dir='ltr'>bum</span> <span class='ocrx_word' id='word_1_68' title='bbox 322 782 598 840; x_wconf 88' lang='lat' dir='ltr'>compositum</span> <span class='ocrx_word' id='word_1_69' title='bbox 614 782 819 840; x_wconf 89' lang='lat' dir='ltr'>Hesychii</span> <span class='ocrx_word' id='word_1_70' title='bbox 837 782 974 840; x_wconf 87' lang='lat' dir='ltr'>glossa</span> <span class='ocrx_word' id='word_1_71' title='bbox 993 783 1304 837; x_wconf 86' lang='lat' dir='ltr'>comprobatur,</span> <span class='ocrx_word' id='word_1_72' title='bbox 1327 786 1472 840; x_wconf 79' lang='grc' dir='ltr'>ἑπιβοᾷ</span> <span class='ocrx_word' id='word_1_73' title='bbox 1487 785 1558 827; x_wconf 89' lang='grc' dir='ltr'>τὸν</span> <span class='ocrx_word' id='word_1_74' title='bbox 1577 787 1665 828; x_wconf 85' lang='grc' dir='ltr'>Μύ-</span> 
     </span>
     <span class='ocr_line' id='line_1_10' title="bbox 201 851 1663 904; baseline 0.003 -13"><span class='ocrx_word' id='word_1_75' title='bbox 201 866 316 892; x_wconf 85' lang='grc' dir='ltr'>σιον;</span> <span class='ocrx_word' id='word_1_76' title='bbox 349 851 446 892; x_wconf 86' lang='grc' dir='ltr'>ὅταν</span> <span class='ocrx_word' id='word_1_77' title='bbox 476 854 671 904; x_wconf 87' lang='grc' dir='ltr'>θρηνῶσιν</span> <span class='ocrx_word' id='word_1_78' title='bbox 702 852 743 893; x_wconf 80' lang='grc' dir='ltr'>αἱ</span> <span class='ocrx_word' id='word_1_79' title='bbox 770 854 946 899; x_wconf 81' lang='grc' dir='ltr'>Μοῦσαι,</span> <span class='ocrx_word' id='word_1_80' title='bbox 979 851 1048 893; x_wconf 84' lang='grc' dir='ltr'>τὸν</span> <span class='ocrx_word' id='word_1_81' title='bbox 1069 852 1230 894; x_wconf 85' lang='grc' dir='ltr'>Μύσιον</span> <span class='ocrx_word' id='word_1_82' title='bbox 1259 852 1331 894; x_wconf 88' lang='grc' dir='ltr'>τὸν</span> <span class='ocrx_word' id='word_1_83' title='bbox 1354 851 1487 895; x_wconf 67' lang='grc' dir='ltr'>ι’Ύλαν</span> <span class='ocrx_word' id='word_1_84' title='bbox 1517 855 1663 896; x_wconf 81' lang='grc' dir='ltr'>ἀνακα-</span> 
     </span>
     <span class='ocr_line' id='line_1_11' title="bbox 199 919 1664 976; baseline 0.003 -18"><span class='ocrx_word' id='word_1_85' title='bbox 199 921 378 961; x_wconf 83' lang='grc' dir='ltr'>λοῦνται.</span> <span class='ocrx_word' id='word_1_86' title='bbox 439 919 714 961; x_wconf 82' lang='lat' dir='ltr'>scribendum</span> <span class='ocrx_word' id='word_1_87' title='bbox 754 921 921 973; x_wconf 79' lang='grc' dir='ltr'>κάπιβῶ,</span> <span class='ocrx_word' id='word_1_88' title='bbox 955 919 1008 961; x_wconf 93' lang='lat' dir='ltr'>de</span> <span class='ocrx_word' id='word_1_89' title='bbox 1048 935 1134 976; x_wconf 87' lang='lat' dir='ltr'>qua</span> <span class='ocrx_word' id='word_1_90' title='bbox 1171 921 1450 963; x_wconf 85' lang='lat' dir='ltr'>contractione</span> <span class='ocrx_word' id='word_1_91' title='bbox 1489 921 1578 963; x_wconf 84' lang='lat' dir='ltr'>dixi</span> <span class='ocrx_word' id='word_1_92' title='bbox 1610 922 1664 963; x_wconf 84' lang='lat' dir='ltr'>ad</span> 
     </span>
     <span class='ocr_line' id='line_1_12' title="bbox 203 985 1661 1044; baseline 0.004 -18"><span class='ocrx_word' id='word_1_93' title='bbox 203 985 332 1041; x_wconf 89' lang='lat' dir='ltr'>Soph.</span> <span class='ocrx_word' id='word_1_94' title='bbox 355 986 510 1029; x_wconf 89' lang='lat' dir='ltr'>Electr.</span> <span class='ocrx_word' id='word_1_95' title='bbox 532 987 628 1031; x_wconf 76' lang='lat'><strong>882-</strong></span> <span class='ocrx_word' id='word_1_96' title='bbox 691 986 935 1038; x_wconf 85' lang='lat' dir='ltr'>Scholiasta,</span> <span class='ocrx_word' id='word_1_97' title='bbox 956 989 994 1029; x_wconf 85' lang='grc' dir='ltr'>οἶ</span> <span class='ocrx_word' id='word_1_98' title='bbox 1019 990 1096 1041; x_wconf 79' lang='grc' dir='ltr'>γὰρ</span> <span class='ocrx_word' id='word_1_99' title='bbox 1117 990 1253 1031; x_wconf 89' lang='grc' dir='ltr'>Μυσοὶ</span> <span class='ocrx_word' id='word_1_100' title='bbox 1275 990 1340 1031; x_wconf 84' lang='grc' dir='ltr'>καὶ</span> <span class='ocrx_word' id='word_1_101' title='bbox 1358 991 1396 1030; x_wconf 80' lang='grc' dir='ltr'>οἳ</span> <span class='ocrx_word' id='word_1_102' title='bbox 1415 990 1570 1044; x_wconf 85' lang='grc' dir='ltr'>Φρύγες</span> <span class='ocrx_word' id='word_1_103' title='bbox 1588 990 1661 1043; x_wconf 86' lang='grc' dir='ltr'>μά-</span> 
     </span>
     <span class='ocr_line' id='line_1_13' title="bbox 200 1053 676 1109; baseline 0.008 -16"><span class='ocrx_word' id='word_1_104' title='bbox 200 1053 322 1095; x_wconf 86' lang='grc' dir='ltr'>λιστά</span> <span class='ocrx_word' id='word_1_105' title='bbox 344 1056 422 1096; x_wconf 83' lang='grc' dir='ltr'>εἰσι</span> <span class='ocrx_word' id='word_1_106' title='bbox 442 1057 676 1109; x_wconf 89' lang='grc' dir='ltr'>θρηνητικοί.</span> 
     </span>
    </p>

    <p class='ocr_par' dir='ltr' id='par_1_5' title="bbox 198 1123 1664 1300">
     <span class='ocr_line' id='line_1_14' title="bbox 262 1123 1664 1183; baseline 0.004 -21"><span class='ocrx_word' id='word_1_107' title='bbox 262 1131 383 1177; x_wconf 82' lang='grc'><strong>1054.</strong></span> <span class='ocrx_word' id='word_1_108' title='bbox 410 1124 533 1164; x_wconf 88' lang='lat'>1061.</span> <span class='ocrx_word' id='word_1_109' title='bbox 555 1123 648 1165; x_wconf 86' lang='grc' dir='ltr'>ἄνια</span> <span class='ocrx_word' id='word_1_110' title='bbox 667 1124 760 1165; x_wconf 83' lang='grc' dir='ltr'>ἄνια</span> <span class='ocrx_word' id='word_1_111' title='bbox 782 1123 926 1181; x_wconf 87' lang='lat' dir='ltr'>Steph.</span> <span class='ocrx_word' id='word_1_112' title='bbox 948 1134 989 1166; x_wconf 92' lang='lat' dir='ltr'>et</span> <span class='ocrx_word' id='word_1_113' title='bbox 1007 1124 1169 1166; x_wconf 89' lang='lat' dir='ltr'>codices</span> <span class='ocrx_word' id='word_1_114' title='bbox 1186 1125 1396 1182; x_wconf 89' lang='lat' dir='ltr'>plerique:</span> <span class='ocrx_word' id='word_1_115' title='bbox 1428 1125 1551 1183; x_wconf 87' lang='lat' dir='ltr'>pauci</span> <span class='ocrx_word' id='word_1_116' title='bbox 1572 1126 1664 1168; x_wconf 83' lang='grc' dir='ltr'>ἄνια</span> 
     </span>
     <span class='ocr_line' id='line_1_15' title="bbox 198 1188 1662 1235; baseline 0.004 -6"><span class='ocrx_word' id='word_1_117' title='bbox 198 1188 292 1230; x_wconf 78' lang='grc' dir='ltr'>ἄνια</span> <span class='ocrx_word' id='word_1_118' title='bbox 331 1190 422 1231; x_wconf 86' lang='grc' dir='ltr'>ἄνια</span> <span class='ocrx_word' id='word_1_119' title='bbox 454 1205 549 1232; x_wconf 91' lang='lat' dir='ltr'>cum</span> <span class='ocrx_word' id='word_1_120' title='bbox 589 1191 688 1233; x_wconf 78' lang='lat' dir='ltr'>Ald.</span> <span class='ocrx_word' id='word_1_121' title='bbox 724 1191 835 1233; x_wconf 87' lang='lat' dir='ltr'>Rob.</span> <span class='ocrx_word' id='word_1_122' title='bbox 874 1193 1010 1234; x_wconf 82' lang='lat' dir='ltr'>Turn.</span> <span class='ocrx_word' id='word_1_123' title='bbox 1073 1192 1345 1234; x_wconf 87' lang='lat' dir='ltr'>Scribendum</span> <span class='ocrx_word' id='word_1_124' title='bbox 1386 1201 1527 1235; x_wconf 86' lang='lat' dir='ltr'>autem</span> <span class='ocrx_word' id='word_1_125' title='bbox 1566 1208 1662 1234; x_wconf 91' lang='lat' dir='ltr'>cum</span> 
     </span>
     <span class='ocr_line' id='line_1_16' title="bbox 198 1255 586 1300; baseline 0.01 -4"><span class='ocrx_word' id='word_1_126' title='bbox 198 1255 366 1298; x_wconf 89' lang='lat' dir='ltr'>elisione</span> <span class='ocrx_word' id='word_1_127' title='bbox 385 1258 459 1299; x_wconf 85' lang='grc' dir='ltr'>ἄνι’</span> <span class='ocrx_word' id='word_1_128' title='bbox 480 1259 586 1300; x_wconf 84' lang='grc' dir='ltr'>ἄνια.</span> 
     </span>
    </p>

    <p class='ocr_par' dir='ltr' id='par_1_6' title="bbox 198 1326 1661 1519">
     <span class='ocr_line' id='line_1_17' title="bbox 261 1326 1661 1386; baseline 0.004 -21"><span class='ocrx_word' id='word_1_129' title='bbox 261 1335 384 1381; x_wconf 88' lang='lat'>1055.</span> <span class='ocrx_word' id='word_1_130' title='bbox 425 1326 547 1380; x_wconf 87' lang='grc' dir='ltr'>πέρθε</span> <span class='ocrx_word' id='word_1_131' title='bbox 583 1327 693 1369; x_wconf 86' lang='lat' dir='ltr'>Rob.</span> <span class='ocrx_word' id='word_1_132' title='bbox 730 1327 874 1383; x_wconf 88' lang='lat' dir='ltr'>Steph.</span> <span class='ocrx_word' id='word_1_133' title='bbox 913 1337 953 1369; x_wconf 91' lang='lat' dir='ltr'>et</span> <span class='ocrx_word' id='word_1_134' title='bbox 990 1327 1151 1370; x_wconf 86' lang='lat' dir='ltr'>codices</span> <span class='ocrx_word' id='word_1_135' title='bbox 1184 1328 1373 1386; x_wconf 84' lang='lat' dir='ltr'>plerique</span> <span class='ocrx_word' id='word_1_136' title='bbox 1406 1344 1502 1371; x_wconf 90' lang='lat' dir='ltr'>cum</span> <span class='ocrx_word' id='word_1_137' title='bbox 1535 1328 1661 1370; x_wconf 85' lang='lat' dir='ltr'>schol.</span> 
     </span>
     <span class='ocr_line' id='line_1_18' title="bbox 198 1393 1661 1452; baseline 0.004 -18"><span class='ocrx_word' id='word_1_138' title='bbox 198 1393 343 1447; x_wconf 83' lang='grc' dir='ltr'>ὕπερθε</span> <span class='ocrx_word' id='word_1_139' title='bbox 373 1394 440 1436; x_wconf 93' lang='grc' dir='ltr'>Μ.</span> <span class='ocrx_word' id='word_1_140' title='bbox 472 1395 624 1452; x_wconf 89' lang='lat' dir='ltr'>aliique</span> <span class='ocrx_word' id='word_1_141' title='bbox 652 1395 843 1437; x_wconf 89' lang='lat' dir='ltr'>nonnulli</span> <span class='ocrx_word' id='word_1_142' title='bbox 871 1411 968 1437; x_wconf 90' lang='lat' dir='ltr'>cum</span> <span class='ocrx_word' id='word_1_143' title='bbox 1001 1398 1140 1438; x_wconf 88' lang='lat' dir='ltr'>Turn.</span> <span class='ocrx_word' id='word_1_144' title='bbox 1168 1399 1338 1452; x_wconf 82' lang='grc' dir='ltr'>ὕπερθεν</span> <span class='ocrx_word' id='word_1_145' title='bbox 1368 1397 1468 1440; x_wconf 87' lang='lat' dir='ltr'>Ald.</span> <span class='ocrx_word' id='word_1_146' title='bbox 1531 1398 1661 1440; x_wconf 88' lang='lat' dir='ltr'>Scho-</span> 
     </span>
     <span class='ocr_line' id='line_1_19' title="bbox 199 1459 1302 1519; baseline 0.005 -18"><span class='ocrx_word' id='word_1_147' title='bbox 199 1459 332 1513; x_wconf 82' lang='lat' dir='ltr'>liasta,</span> <span class='ocrx_word' id='word_1_148' title='bbox 353 1463 391 1503; x_wconf 81' lang='grc' dir='ltr'>οἳ</span> <span class='ocrx_word' id='word_1_149' title='bbox 410 1463 452 1503; x_wconf 81' lang='grc' dir='ltr'>δὲ</span> <span class='ocrx_word' id='word_1_150' title='bbox 472 1463 696 1516; x_wconf 83' lang='grc' dir='ltr'>γράφοντες</span> <span class='ocrx_word' id='word_1_151' title='bbox 714 1465 859 1517; x_wconf 82' lang='grc' dir='ltr'>ὕπερθε</span> <span class='ocrx_word' id='word_1_152' title='bbox 879 1465 1042 1515; x_wconf 82' lang='grc' dir='ltr'>ἀμαθεῖς</span> <span class='ocrx_word' id='word_1_153' title='bbox 1061 1469 1129 1506; x_wconf 84' lang='grc' dir='ltr'>τοῦ</span> <span class='ocrx_word' id='word_1_154' title='bbox 1148 1464 1302 1519; x_wconf 88' lang='grc' dir='ltr'>μέτρου.</span> 
     </span>
    </p>

    <p class='ocr_par' dir='ltr' id='par_1_7' title="bbox 255 1528 760 1585">
     <span class='ocr_line' id='line_1_20' title="bbox 255 1528 760 1585; baseline 0.004 -15"><span class='ocrx_word' id='word_1_155' title='bbox 255 1528 440 1585; x_wconf 89' lang='grc' dir='ltr'>λευκήρη]</span> <span class='ocrx_word' id='word_1_156' title='bbox 461 1530 630 1583; x_wconf 89' lang='grc' dir='ltr'>λευκήνη</span> <span class='ocrx_word' id='word_1_157' title='bbox 650 1531 760 1572; x_wconf 91' lang='lat' dir='ltr'>Rob.</span> 
     </span>
    </p>

    <p class='ocr_par' dir='ltr' id='par_1_8' title="bbox 261 1596 748 1654">
     <span class='ocr_line' id='line_1_21' title="bbox 261 1596 748 1654; baseline 0.002 -16"><span class='ocrx_word' id='word_1_158' title='bbox 261 1608 384 1652; x_wconf 84' lang='lat'>1057.</span> <span class='ocrx_word' id='word_1_159' title='bbox 406 1596 525 1654; x_wconf 80' lang='grc' dir='ltr'>ἔρξω]</span> <span class='ocrx_word' id='word_1_160' title='bbox 550 1598 623 1650; x_wconf 76' lang='grc' dir='ltr'>ἔξω</span> <span class='ocrx_word' id='word_1_161' title='bbox 643 1598 748 1640; x_wconf 90' lang='lat' dir='ltr'>Ald.</span> 
     </span>
    </p>

    <p class='ocr_par' dir='ltr' id='par_1_9' title="bbox 262 1665 925 1721">
     <span class='ocr_line' id='line_1_22' title="bbox 262 1665 925 1721; baseline 0.006 -16"><span class='ocrx_word' id='word_1_162' title='bbox 262 1666 386 1706; x_wconf 88' lang='lat'>1060.</span> <span class='ocrx_word' id='word_1_163' title='bbox 408 1665 552 1721; x_wconf 83' lang='grc' dir='ltr'>ἔρεικε]</span> <span class='ocrx_word' id='word_1_164' title='bbox 578 1667 702 1719; x_wconf 86' lang='grc' dir='ltr'>ἔρειδε</span> <span class='ocrx_word' id='word_1_165' title='bbox 723 1668 788 1709; x_wconf 93' lang='grc' dir='ltr'>Μ.</span> <span class='ocrx_word' id='word_1_166' title='bbox 813 1668 925 1709; x_wconf 91' lang='lat' dir='ltr'>Rob.</span> 
     </span>
    </p>

    <p class='ocr_par' dir='ltr' id='par_1_10' title="bbox 259 1732 1210 1790">
     <span class='ocr_line' id='line_1_23' title="bbox 259 1732 1210 1790; baseline 0.004 -16"><span class='ocrx_word' id='word_1_167' title='bbox 259 1732 384 1785; x_wconf 84' lang='grc' dir='ltr'>ἔρεικε</span> <span class='ocrx_word' id='word_1_168' title='bbox 405 1735 589 1790; x_wconf 81' lang='grc' dir='ltr'>κολπίαν]</span> <span class='ocrx_word' id='word_1_169' title='bbox 616 1734 728 1788; x_wconf 86' lang='grc' dir='ltr'>ἔρεικ’</span> <span class='ocrx_word' id='word_1_170' title='bbox 751 1737 969 1789; x_wconf 81' lang='grc' dir='ltr'>ἐγκολπίαν</span> <span class='ocrx_word' id='word_1_171' title='bbox 990 1737 1042 1777; x_wconf 88' lang='lat' dir='ltr'>F.</span> <span class='ocrx_word' id='word_1_172' title='bbox 1065 1736 1210 1778; x_wconf 79' lang='lat' dir='ltr'>Guelf-</span> 
     </span>
    </p>

    <p class='ocr_par' dir='ltr' id='par_1_11' title="bbox 261 1802 734 1859">
     <span class='ocr_line' id='line_1_24' title="bbox 261 1802 734 1859; baseline 0.006 -18"><span class='ocrx_word' id='word_1_173' title='bbox 261 1803 383 1844; x_wconf 87' lang='lat'>1061.</span> <span class='ocrx_word' id='word_1_174' title='bbox 405 1803 457 1844; x_wconf 92' lang='lat' dir='ltr'>V.</span> <span class='ocrx_word' id='word_1_175' title='bbox 478 1802 531 1844; x_wconf 86' lang='lat' dir='ltr'>ad</span> <span class='ocrx_word' id='word_1_176' title='bbox 552 1818 593 1845; x_wconf 81' lang='lat' dir='ltr'>v,</span> <span class='ocrx_word' id='word_1_177' title='bbox 613 1816 734 1859; x_wconf 86' lang='lat'>1054.</span> 
     </span>
    </p>

    <p class='ocr_par' dir='ltr' id='par_1_12' title="bbox 199 1871 1663 1982">
     <span class='ocr_line' id='line_1_25' title="bbox 263 1871 1663 1929; baseline 0.002 -17"><span class='ocrx_word' id='word_1_178' title='bbox 263 1873 386 1915; x_wconf 85' lang='lat'>1062.</span> <span class='ocrx_word' id='word_1_179' title='bbox 424 1872 665 1914; x_wconf 88' lang='grc' dir='ltr'>κατοίκτισαι</span> <span class='ocrx_word' id='word_1_180' title='bbox 693 1872 878 1913; x_wconf 90' lang='grc' dir='ltr'><strong>Α.Β.Μ.</strong></span> <span class='ocrx_word' id='word_1_181' title='bbox 911 1871 1013 1914; x_wconf 90' lang='lat' dir='ltr'>Ald.</span> <span class='ocrx_word' id='word_1_182' title='bbox 1045 1873 1258 1923; x_wconf 79' lang='grc' dir='ltr'>κατοίκτιζε</span> <span class='ocrx_word' id='word_1_183' title='bbox 1286 1871 1447 1914; x_wconf 84' lang='lat' dir='ltr'>codices</span> <span class='ocrx_word' id='word_1_184' title='bbox 1477 1872 1663 1929; x_wconf 85' lang='lat' dir='ltr'>plerique</span> 
     </span>
     <span class='ocr_line' id='line_1_26' title="bbox 199 1939 594 1982; baseline 0.003 -2"><span class='ocrx_word' id='word_1_185' title='bbox 199 1954 294 1981; x_wconf 90' lang='lat' dir='ltr'>cum</span> <span class='ocrx_word' id='word_1_186' title='bbox 318 1939 431 1981; x_wconf 90' lang='lat' dir='ltr'>Rob.</span> <span class='ocrx_word' id='word_1_187' title='bbox 455 1940 594 1982; x_wconf 85' lang='lat' dir='ltr'>Turn.</span> 
     </span>
    </p>

    <p class='ocr_par' dir='ltr' id='par_1_13' title="bbox 263 2006 895 2063">
     <span class='ocr_line' id='line_1_27' title="bbox 263 2006 895 2063; baseline 0.003 -15"><span class='ocrx_word' id='word_1_188' title='bbox 263 2008 384 2063; x_wconf 86' lang='lat'>1065.</span> <span class='ocrx_word' id='word_1_189' title='bbox 407 2009 556 2050; x_wconf 87' lang='grc' dir='ltr'>διαίνου</span> <span class='ocrx_word' id='word_1_190' title='bbox 576 2006 625 2063; x_wconf 87' lang='grc' dir='ltr'>δ’]</span> <span class='ocrx_word' id='word_1_191' title='bbox 647 2008 759 2050; x_wconf 88' lang='grc' dir='ltr'>ὃίαιν’</span> <span class='ocrx_word' id='word_1_192' title='bbox 782 2008 895 2050; x_wconf 91' lang='lat' dir='ltr'>Rob.</span> 
     </span>
    </p>

    <p class='ocr_par' dir='ltr' id='par_1_14' title="bbox 198 2075 1660 2260">
     <span class='ocr_line' id='line_1_28' title="bbox 260 2075 1660 2131; baseline 0.001 -14"><span class='ocrx_word' id='word_1_193' title='bbox 260 2077 385 2130; x_wconf 88' lang='lat'>1067.</span> <span class='ocrx_word' id='word_1_194' title='bbox 417 2075 455 2117; x_wconf 81' lang='grc' dir='ltr'>οἲ</span> <span class='ocrx_word' id='word_1_195' title='bbox 475 2075 512 2117; x_wconf 83' lang='grc' dir='ltr'>οἲ</span> <span class='ocrx_word' id='word_1_196' title='bbox 532 2075 570 2117; x_wconf 78' lang='grc' dir='ltr'>οἳ</span> <span class='ocrx_word' id='word_1_197' title='bbox 590 2075 642 2131; x_wconf 85' lang='grc' dir='ltr'>οἲ]</span> <span class='ocrx_word' id='word_1_198' title='bbox 666 2075 938 2117; x_wconf 77' lang='lat' dir='ltr'>Scribendum</span> <span class='ocrx_word' id='word_1_199' title='bbox 962 2078 1042 2118; x_wconf 80' lang='grc' dir='ltr'>οἰοῖ</span> <span class='ocrx_word' id='word_1_200' title='bbox 1063 2079 1150 2119; x_wconf 82' lang='grc' dir='ltr'>οἰοῖ.</span> <span class='ocrx_word' id='word_1_201' title='bbox 1182 2076 1220 2119; x_wconf 84' lang='grc' dir='ltr'>οἲ</span> <span class='ocrx_word' id='word_1_202' title='bbox 1247 2086 1310 2118; x_wconf 88' lang='lat' dir='ltr'>ter</span> <span class='ocrx_word' id='word_1_203' title='bbox 1329 2077 1370 2118; x_wconf 91' lang='lat' dir='ltr'>in</span> <span class='ocrx_word' id='word_1_204' title='bbox 1394 2077 1536 2119; x_wconf 86' lang='lat' dir='ltr'>Guelf.</span> <span class='ocrx_word' id='word_1_205' title='bbox 1558 2077 1660 2119; x_wconf 87' lang='lat' dir='ltr'>Ald.</span> 
     </span>
     <span class='ocr_line' id='line_1_29' title="bbox 200 2144 1660 2201; baseline 0.001 -16"><span class='ocrx_word' id='word_1_206' title='bbox 200 2146 412 2186; x_wconf 87' lang='lat' dir='ltr'>Porsonus</span> <span class='ocrx_word' id='word_1_207' title='bbox 442 2144 822 2201; x_wconf 71' lang='grc' dir='ltr'>ὀτοτοτοῖ-εοήρεὶῐ,</span> <span class='ocrx_word' id='word_1_208' title='bbox 845 2145 1152 2201; x_wconf 87' lang='lat' dir='ltr'>comparatione</span> <span class='ocrx_word' id='word_1_209' title='bbox 1173 2160 1366 2186; x_wconf 86' lang='lat' dir='ltr'>versuum</span> <span class='ocrx_word' id='word_1_210' title='bbox 1389 2157 1510 2200; x_wconf 84' lang='lat'>1043.</span> <span class='ocrx_word' id='word_1_211' title='bbox 1538 2158 1660 2200; x_wconf 84' lang='grc'><strong>1051,</strong></span> 
     </span>
     <span class='ocr_line' id='line_1_30' title="bbox 198 2211 688 2260; baseline -0.002 -6"><span class='ocrx_word' id='word_1_212' title='bbox 198 2223 247 2255; x_wconf 90' lang='lat' dir='ltr'>ut</span> <span class='ocrx_word' id='word_1_213' title='bbox 266 2212 446 2260; x_wconf 85' lang='lat' dir='ltr'>videtur,</span> <span class='ocrx_word' id='word_1_214' title='bbox 467 2211 688 2254; x_wconf 85' lang='lat' dir='ltr'>adductus.</span> 
     </span>
    </p>

    <p class='ocr_par' dir='ltr' id='par_1_15' title="bbox 260 2280 1442 2337">
     <span class='ocr_line' id='line_1_31' title="bbox 260 2280 1442 2337; baseline 0 -15"><span class='ocrx_word' id='word_1_215' title='bbox 260 2282 382 2335; x_wconf 91' lang='lat'>1069.</span> <span class='ocrx_word' id='word_1_216' title='bbox 406 2280 601 2321; x_wconf 85' lang='lat' dir='ltr'>Alterum</span> <span class='ocrx_word' id='word_1_217' title='bbox 625 2281 668 2321; x_wconf 84' lang='grc' dir='ltr'>ἰὼ</span> <span class='ocrx_word' id='word_1_218' title='bbox 688 2280 756 2321; x_wconf 87' lang='lat' dir='ltr'>hic</span> <span class='ocrx_word' id='word_1_219' title='bbox 775 2290 816 2322; x_wconf 90' lang='lat' dir='ltr'>et</span> <span class='ocrx_word' id='word_1_220' title='bbox 838 2296 874 2320; x_wconf 93' lang='lat' dir='ltr'>v.</span> <span class='ocrx_word' id='word_1_221' title='bbox 899 2291 1020 2336; x_wconf 84' lang='lat'>1073.</span> <span class='ocrx_word' id='word_1_222' title='bbox 1041 2296 1122 2322; x_wconf 90' lang='lat' dir='ltr'>om.</span> <span class='ocrx_word' id='word_1_223' title='bbox 1143 2280 1302 2337; x_wconf 87' lang='lat' dir='ltr'>aliquot</span> <span class='ocrx_word' id='word_1_224' title='bbox 1321 2281 1442 2323; x_wconf 91' lang='lat' dir='ltr'>codd.</span> 
     </span>
    </p>

    <p class='ocr_par' dir='ltr' id='par_1_16' title="bbox 198 2347 1663 2675">
     <span class='ocr_line' id='line_1_32' title="bbox 257 2347 1660 2406; baseline 0 -16"><span class='ocrx_word' id='word_1_225' title='bbox 257 2349 456 2400; x_wconf 81' lang='grc' dir='ltr'>δύσβατος</span> <span class='ocrx_word' id='word_1_226' title='bbox 485 2347 551 2388; x_wconf 87' lang='lat' dir='ltr'>hic</span> <span class='ocrx_word' id='word_1_227' title='bbox 580 2357 622 2388; x_wconf 93' lang='lat' dir='ltr'>et</span> <span class='ocrx_word' id='word_1_228' title='bbox 645 2363 685 2388; x_wconf 89' lang='lat' dir='ltr'>v.</span> <span class='ocrx_word' id='word_1_229' title='bbox 714 2359 834 2403; x_wconf 84' lang='grc'><strong>1073.</strong></span> <span class='ocrx_word' id='word_1_230' title='bbox 864 2347 907 2388; x_wconf 92' lang='lat' dir='ltr'>in</span> <span class='ocrx_word' id='word_1_231' title='bbox 930 2349 1043 2389; x_wconf 91' lang='lat' dir='ltr'>A.B.</span> <span class='ocrx_word' id='word_1_232' title='bbox 1074 2348 1117 2388; x_wconf 90' lang='lat' dir='ltr'>in</span> <span class='ocrx_word' id='word_1_233' title='bbox 1148 2350 1369 2400; x_wconf 88' lang='grc' dir='ltr'>δύσβακτος</span> <span class='ocrx_word' id='word_1_234' title='bbox 1398 2358 1660 2406; x_wconf 89' lang='lat' dir='ltr'>corruptum,</span> 
     </span>
     <span class='ocr_line' id='line_1_33' title="bbox 198 2414 1662 2472; baseline 0.001 -15"><span class='ocrx_word' id='word_1_235' title='bbox 198 2415 276 2457; x_wconf 89' lang='lat' dir='ltr'>nisi</span> <span class='ocrx_word' id='word_1_236' title='bbox 305 2415 421 2472; x_wconf 92' lang='lat' dir='ltr'>quod</span> <span class='ocrx_word' id='word_1_237' title='bbox 443 2416 492 2456; x_wconf 92' lang='lat' dir='ltr'>B.</span> <span class='ocrx_word' id='word_1_238' title='bbox 521 2414 650 2457; x_wconf 88' lang='lat' dir='ltr'>altero</span> <span class='ocrx_word' id='word_1_239' title='bbox 679 2414 768 2456; x_wconf 85' lang='lat' dir='ltr'>loco</span> <span class='ocrx_word' id='word_1_240' title='bbox 798 2415 1037 2467; x_wconf 85' lang='grc' dir='ltr'>δυσβάϊκτος</span> <span class='ocrx_word' id='word_1_241' title='bbox 1066 2415 1256 2457; x_wconf 84' lang='lat' dir='ltr'>exhibet:</span> <span class='ocrx_word' id='word_1_242' title='bbox 1291 2416 1403 2458; x_wconf 92' lang='lat' dir='ltr'>unde</span> <span class='ocrx_word' id='word_1_243' title='bbox 1424 2416 1662 2458; x_wconf 86' lang='lat' dir='ltr'>Brunckius</span> 
     </span>
     <span class='ocr_line' id='line_1_34' title="bbox 199 2482 1663 2539; baseline -0.001 -13"><span class='ocrx_word' id='word_1_244' title='bbox 199 2483 442 2537; x_wconf 84' lang='grc' dir='ltr'>δυσβάῦκτος</span> <span class='ocrx_word' id='word_1_245' title='bbox 479 2483 667 2539; x_wconf 84' lang='lat' dir='ltr'>conjecit.</span> <span class='ocrx_word' id='word_1_246' title='bbox 730 2482 973 2534; x_wconf 86' lang='lat' dir='ltr'>Scholiasta,</span> <span class='ocrx_word' id='word_1_247' title='bbox 1012 2482 1214 2535; x_wconf 86' lang='grc' dir='ltr'>δύσβατόν</span> <span class='ocrx_word' id='word_1_248' title='bbox 1247 2489 1347 2536; x_wconf 90' lang='grc' dir='ltr'>φησι</span> <span class='ocrx_word' id='word_1_249' title='bbox 1379 2484 1449 2536; x_wconf 82' lang='grc' dir='ltr'>τὴν</span> <span class='ocrx_word' id='word_1_250' title='bbox 1482 2485 1663 2537; x_wconf 84' lang='grc' dir='ltr'>Περσίδα</span> 
     </span>
     <span class='ocr_line' id='line_1_35' title="bbox 199 2551 1661 2607; baseline -0.001 -13"><span class='ocrx_word' id='word_1_251' title='bbox 199 2553 274 2606; x_wconf 82' lang='grc' dir='ltr'>οὐχ</span> <span class='ocrx_word' id='word_1_252' title='bbox 294 2553 345 2596; x_wconf 84' lang='grc' dir='ltr'>ὣς</span> <span class='ocrx_word' id='word_1_253' title='bbox 365 2553 543 2605; x_wconf 80' lang='grc' dir='ltr'>σκληρὰν</span> <span class='ocrx_word' id='word_1_254' title='bbox 563 2551 626 2592; x_wconf 89' lang='grc' dir='ltr'>καὶ</span> <span class='ocrx_word' id='word_1_255' title='bbox 656 2552 853 2593; x_wconf 87' lang='grc' dir='ltr'>δύσκολον</span> <span class='ocrx_word' id='word_1_256' title='bbox 880 2553 934 2595; x_wconf 87' lang='grc' dir='ltr'>εἷς</span> <span class='ocrx_word' id='word_1_257' title='bbox 961 2551 1150 2603; x_wconf 85' lang='grc' dir='ltr'>ἔμβασιν,</span> <span class='ocrx_word' id='word_1_258' title='bbox 1174 2551 1264 2592; x_wconf 83' lang='grc' dir='ltr'>ἀλλ’</span> <span class='ocrx_word' id='word_1_259' title='bbox 1287 2552 1338 2594; x_wconf 84' lang='grc' dir='ltr'>ὡς</span> <span class='ocrx_word' id='word_1_260' title='bbox 1369 2553 1433 2594; x_wconf 82' lang='grc' dir='ltr'>ἐπὶ</span> <span class='ocrx_word' id='word_1_261' title='bbox 1463 2555 1567 2607; x_wconf 79' lang='grc' dir='ltr'>κακῷ</span> <span class='ocrx_word' id='word_1_262' title='bbox 1597 2553 1661 2593; x_wconf 87' lang='grc' dir='ltr'>καὶ</span> 
     </span>
     <span class='ocr_line' id='line_1_36' title="bbox 199 2618 886 2675; baseline -0.001 -14"><span class='ocrx_word' id='word_1_263' title='bbox 199 2620 388 2675; x_wconf 75' lang='grc' dir='ltr'>δυστυχίᾳ</span> <span class='ocrx_word' id='word_1_264' title='bbox 406 2618 652 2671; x_wconf 86' lang='grc' dir='ltr'>βαινομένην</span> <span class='ocrx_word' id='word_1_265' title='bbox 670 2619 723 2675; x_wconf 76' lang='grc' dir='ltr'>τῷ</span> <span class='ocrx_word' id='word_1_266' title='bbox 746 2618 886 2672; x_wconf 77' lang='grc' dir='ltr'>Ξέρξῃ.</span> 
     </span>
    </p>

    <p class='ocr_par' dir='ltr' id='par_1_17' title="bbox 262 2685 1286 2743">
     <span class='ocr_line' id='line_1_37' title="bbox 262 2685 1286 2743; baseline -0.001 -14"><span class='ocrx_word' id='word_1_267' title='bbox 262 2698 384 2741; x_wconf 90' lang='grc'><strong>1070.</strong></span> <span class='ocrx_word' id='word_1_268' title='bbox 410 2698 532 2741; x_wconf 92' lang='lat'>1071.</span> <span class='ocrx_word' id='word_1_269' title='bbox 555 2687 617 2741; x_wconf 80' lang='grc' dir='ltr'>ἰὼ]</span> <span class='ocrx_word' id='word_1_270' title='bbox 644 2685 686 2728; x_wconf 75' lang='grc' dir='ltr'>ἰώ</span> <span class='ocrx_word' id='word_1_271' title='bbox 709 2686 735 2728; x_wconf 83' lang='grc' dir='ltr'>ἂ</span> <span class='ocrx_word' id='word_1_272' title='bbox 755 2687 821 2728; x_wconf 91' lang='grc' dir='ltr'>Μ.</span> <span class='ocrx_word' id='word_1_273' title='bbox 856 2688 928 2728; x_wconf 79' lang='grc' dir='ltr'>ἰωὰ</span> <span class='ocrx_word' id='word_1_274' title='bbox 948 2687 1120 2728; x_wconf 88' lang='lat' dir='ltr'>A.B.C.</span> <span class='ocrx_word' id='word_1_275' title='bbox 1144 2687 1286 2743; x_wconf 91' lang='lat' dir='ltr'>Mosq.</span> 
     </span>
    </p>

    <p class='ocr_par' dir='ltr' id='par_1_18' title="bbox 198 2750 1659 2877">
     <span class='ocr_line' id='line_1_38' title="bbox 259 2750 1659 2807; baseline 0.001 -14"><span class='ocrx_word' id='word_1_276' title='bbox 259 2763 382 2807; x_wconf 87' lang='grc'><strong>1073.</strong></span> <span class='ocrx_word' id='word_1_277' title='bbox 415 2750 458 2793; x_wconf 67' lang='lat' dir='ltr'>ld&gt;</span> <span class='ocrx_word' id='word_1_278' title='bbox 487 2750 531 2792; x_wconf 76' lang='grc' dir='ltr'>ἰὼ</span> <span class='ocrx_word' id='word_1_279' title='bbox 551 2752 703 2805; x_wconf 86' lang='grc' dir='ltr'>Περσὶς</span> <span class='ocrx_word' id='word_1_280' title='bbox 723 2751 791 2793; x_wconf 82' lang='grc' dir='ltr'>αἶα</span> <span class='ocrx_word' id='word_1_281' title='bbox 810 2751 1029 2807; x_wconf 86' lang='grc' dir='ltr'>δύσβατος]</span> <span class='ocrx_word' id='word_1_282' title='bbox 1052 2753 1183 2794; x_wconf 90' lang='lat' dir='ltr'>Hunc</span> <span class='ocrx_word' id='word_1_283' title='bbox 1202 2767 1366 2794; x_wconf 87' lang='lat' dir='ltr'>versum</span> <span class='ocrx_word' id='word_1_284' title='bbox 1386 2752 1497 2794; x_wconf 89' lang='lat' dir='ltr'>delet</span> <span class='ocrx_word' id='word_1_285' title='bbox 1517 2753 1659 2794; x_wconf 88' lang='lat' dir='ltr'>Blom-</span> 
     </span>
     <span class='ocr_line' id='line_1_39' title="bbox 198 2819 1274 2877; baseline 0 -15"><span class='ocrx_word' id='word_1_286' title='bbox 198 2819 360 2871; x_wconf 89' lang='lat' dir='ltr'>fieldus,</span> <span class='ocrx_word' id='word_1_287' title='bbox 380 2819 453 2876; x_wconf 92' lang='lat' dir='ltr'>qui</span> <span class='ocrx_word' id='word_1_288' title='bbox 475 2820 602 2862; x_wconf 89' lang='lat' dir='ltr'>choro</span> <span class='ocrx_word' id='word_1_289' title='bbox 620 2819 922 2877; x_wconf 85' lang='lat' dir='ltr'>interjectiones</span> <span class='ocrx_word' id='word_1_290' title='bbox 943 2820 1089 2862; x_wconf 85' lang='lat' dir='ltr'>tribuit</span> <span class='ocrx_word' id='word_1_291' title='bbox 1110 2821 1147 2873; x_wconf 81' lang='grc' dir='ltr'>ἰὴ</span> <span class='ocrx_word' id='word_1_292' title='bbox 1169 2821 1206 2873; x_wconf 82' lang='grc' dir='ltr'>ἰὴ</span> <span class='ocrx_word' id='word_1_293' title='bbox 1227 2821 1274 2873; x_wconf 87' lang='grc' dir='ltr'>ἰή.</span> 
     </span>
    </p>

    <p class='ocr_par' dir='ltr' id='par_1_19' title="bbox 265 2887 1719 2950">
     <span class='ocr_line' id='line_1_40' title="bbox 265 2887 1719 2950; baseline 0.001 -20"><span class='ocrx_word' id='word_1_294' title='bbox 265 2898 382 2943; x_wconf 86' lang='grc' dir='ltr'><strong>ιο74.</strong></span> <span class='ocrx_word' id='word_1_295' title='bbox 405 2901 526 2944; x_wconf 87' lang='lat'>1075.</span> <span class='ocrx_word' id='word_1_296' title='bbox 547 2887 571 2940; x_wconf 84' lang='grc' dir='ltr'>ἢ</span> <span class='ocrx_word' id='word_1_297' title='bbox 591 2898 740 2945; x_wconf 88' lang='lat' dir='ltr'>quater</span> <span class='ocrx_word' id='word_1_298' title='bbox 759 2888 982 2946; x_wconf 85' lang='lat' dir='ltr'>repetitum</span> <span class='ocrx_word' id='word_1_299' title='bbox 1005 2890 1156 2940; x_wconf 68' lang='lat' dir='ltr'>Turn„</span> <span class='ocrx_word' id='word_1_300' title='bbox 1178 2898 1241 2931; x_wconf 85' lang='lat' dir='ltr'>ter</span> <span class='ocrx_word' id='word_1_301' title='bbox 1259 2888 1361 2931; x_wconf 90' lang='lat' dir='ltr'>Ald.</span> <span class='ocrx_word' id='word_1_302' title='bbox 1384 2889 1422 2941; x_wconf 82' lang='grc' dir='ltr'>ἰὴ</span> <span class='ocrx_word' id='word_1_303' title='bbox 1443 2889 1481 2941; x_wconf 83' lang='grc' dir='ltr'>ἰὴ</span> <span class='ocrx_word' id='word_1_304' title='bbox 1501 2889 1658 2931; x_wconf 86' lang='lat' dir='ltr'>utrobi-</span> <span class='ocrx_word' id='word_1_305' title='bbox 1715 2945 1719 2950; x_wconf 15' lang='grc' dir='ltr'><strong>θ</strong></span> 
     </span>
    </p>
   </div>
  </div>
 </body>
</html>
