1898 3256
314 221 369 259 44
783 223 870 263 AN
879 222 1279 262 NOTATIONES

374 331 464 381 146.
498 330 668 385 πέτραις]
707 331 828 386 πέτρᾳ
852 333 908 372 Α.
941 341 982 372 et
1011 331 1148 372 decern
1180 330 1271 371 alii:
1304 330 1415 385 quod
1447 330 1747 385 praeferendum

314 395 476 436 videtur
495 406 662 452 propter
681 397 889 452 proximos
904 397 1061 438 dativos
1080 396 1202 437 ταῖσδ’
1225 395 1568 447 ἀδαμαντοδέτοισι
1584 397 1736 447 λύμαις.

375 472 465 515 147.
507 462 629 504 ταῖσδ’
659 463 798 519 Steph.
854 467 936 505 ταῖς
966 463 1064 503 Ald.
1099 462 1207 503 Rob.
1246 464 1380 502 Turn.
1421 472 1462 502 et
1495 461 1749 502 codd..non-

313 527 427 568 nulli.
488 530 618 569 Recte
646 530 815 570 fortasse
842 529 1064 569 Elmsleius
1093 528 1188 582 τᾷδ’,
1213 528 1358 569 collato
1379 544 1418 569 v.
1441 529 1535 582 968.
1557 529 1648 582 τῇδε
1674 533 1745 568 λα-

313 596 462 645 τρεύειν
481 595 614 649 πέτρᾳ.

368 661 711 711 ἀδαμαντοδέτοισι
733 663 869 701 Turn.
900 661 1220 713 ἀδαμαντοδέτοις
1240 662 1305 701 Μ.
1329 659 1428 700 Ald.
1452 660 1560 700 Rob.

373 736 464 779 150.
486 726 649 780 ἀθέτως]
672 726 789 767 Libri
810 728 1001 778 ἀθέσμως.
1031 727 1309 768 Emendatum
1327 742 1376 767 ex
1394 726 1617 782 Hesychio,
1636 725 1748 767 Ἀθέ-

310 807 405 834 τωςτ
468 792 658 843 ἀθέσμως,
709 795 754 833 οὗ
807 794 1222 846 συγκατατεθειμένως.
1293 794 1492 846 Αἰσχύλος
1549 796 1752 845 Προμηθεῖ

310 859 498 910 δεσμώτῃ.

371 937 464 978 152.
498 925 635 977 νέρθεν
655 924 685 965 τ’
706 924 857 978 Ἀΐδου]
892 924 1007 965 Nihil
1032 939 1185 965 caussae
1204 935 1265 966 est
1282 940 1356 966 cur
1381 926 1513 966 forma
1538 924 1748 980 trisyllaba

311 999 464 1031 utatur.
529 991 796 1031 Scribendum
831 991 968 1043 νέρθεν
998 990 1030 1031 θ’
1049 989 1202 1040 Ἅιδου,
1223 991 1336 1046 quod
1356 991 1486 1032 voluit
1506 991 1744 1040 Turnebus,

309 1057 381 1112 qui
404 1057 540 1110 νέρθεν
556 1058 590 1098 θ’
611 1056 718 1098 ἀΐδου
737 1057 878 1098 edidit.
923 1056 1080 1097 Eadem
1103 1056 1207 1097 ratio
1227 1072 1366 1097 versus
1380 1057 1610 1113 anapaestici
1633 1059 1745 1113 Sept.

309 1140 342 1165 c.
366 1124 450 1165 Th.
474 1125 568 1165 868.

369 1202 601 1245 154—157.
622 1189 1083 1245 Τάρταρον-ἐπεγήθει]
1122 1191 1227 1230 Haec
1248 1189 1373 1244 vulgo
1391 1189 1431 1229 in
1454 1200 1535 1230 tres
1553 1189 1747 1230 dimetros

308 1257 525 1312 descripta.

369 1333 463 1378 155.
486 1324 633 1375 ἀγρίοις
654 1323 719 1362 Μ.
740 1332 780 1363 et
800 1322 866 1362 alii
888 1321 1086 1363 nonnulli.
1140 1321 1277 1377 Vulgo
1297 1323 1450 1374 ἀγρίως.

367 1392 460 1444 156.
481 1389 576 1440 μήτε
597 1389 685 1431 θεὸς
706 1390 839 1429 Turn.
881 1389 1028 1440 μήποτε
1048 1388 1135 1431 θεὸς
1155 1389 1220 1428 Μ.
1241 1388 1391 1444 aliique
1411 1403 1490 1429 non
1512 1389 1631 1444 pauci
1650 1404 1742 1430 cum

307 1456 409 1498 Ald.
431 1456 541 1497 Rob.

362 1521 562 1577 ἐπεγήθει]
598 1521 807 1574 ἐπιγεγήθῃ
843 1521 953 1562 Rob.
1012 1521 1184 1562 Codices
1214 1522 1381 1577 quidam
1417 1521 1645 1574 ἐπεγεγήθει
1679 1523 1743 1563 vel

308 1590 483 1643 ἐπιγήθῃ.

366 1667 459 1710 157.
511 1655 678 1710 κίνυγμ’]
721 1655 839 1694 Libri
874 1654 1029 1709 aliquot
1069 1656 1232 1707 κίνυγμα
1273 1655 1358 1695 sine
1395 1654 1582 1695 elisione:
1635 1655 1744 1695 unde

306 1722 527 1763 Elmsleius
562 1724 725 1773 κίνυγμα
759 1721 891 1764 τάλας.
943 1721 1098 1774 κήνυγμ’
1137 1724 1270 1762 Turn.
1312 1732 1352 1762 et
1383 1721 1504 1762 codd.
1544 1722 1742 1762 nonnulli.

304 1788 465 1830 Eodem
496 1788 593 1829 vitio
612 1787 724 1842 apud
756 1787 1013 1842 Hesychium
1045 1789 1217 1841 κήνυγμα
1246 1788 1395 1843 legitur
1424 1798 1465 1828 et
1496 1790 1743 1841 κηνυσσόμην

303 1870 379 1910 pro
411 1857 662 1905 κινυσσόμην,
693 1868 777 1909 quo
810 1854 1034 1910 AEschylus
1060 1855 1192 1896 utitur
1219 1855 1406 1910 Choeph.
1438 1856 1527 1909 196.
1561 1856 1663 1898 ὅπως
1690 1857 1743 1896 δί-

305 1927 464 1974 φροντις
483 1922 584 1962 οὖσα
602 1921 653 1972 μὴ
673 1921 935 1972 ’κινυσσόμην,

365 1988 457 2042 158
489 1988 693 2040 ἐπίχαρτα]
733 1986 952 2027 Librorum
982 1987 1240 2041 quorundam
1274 1987 1373 2028 vitia
1405 1997 1500 2028 sunt
1533 1989 1740 2041 ἐπίχαρμα,

304 2054 416 2109 quod
447 2053 634 2108 legitur
625 2068 666 2093 m
694 2052 795 2093 Ald.
817 2062 857 2093 et
878 2053 1002 2102 Rob.,
1024 2062 1063 2093 et
1086 2054 1342 2107 ἐπιχάρματα,
1363 2055 1474 2110 quod
1500 2070 1550 2095 ex
1580 2055 1743 2096 duabus

303 2119 571 2162 lectionibus
563 2134 603 2159 111
626 2133 747 2159 unam
769 2118 952 2159 conflatis
970 2127 1121 2160 ortum.

364 2189 455 2229 161.
488 2186 740 2242 ξυνασχαλᾷ]
772 2186 999 2239 ξυνασκαλᾷ
1020 2185 1123 2226 Ald.
1140 2186 1250 2227 Rob.
1306 2187 1458 2227 Forma
1478 2197 1595 2228 vetus
1615 2189 1740 2242 ἀσχα-

302 2255 385 2296 λάω
405 2269 481 2310 pro
502 2253 693 2307 ἀσχάλλω
714 2252 889 2292 occurrit
911 2252 1006 2307 Iph.
1028 2253 1083 2292 A.
1102 2265 1197 2306 925.
1229 2254 1361 2293 Orest.
1383 2263 1479 2307 755.
1502 2254 1739 2296 Archiloch.

305 2321 457 2362 Stobaei
477 2336 516 2376 p.
546 2331 638 2372 107.
660 2328 826 2359 notante
848 2319 1031 2358 Porsono
1051 2318 1106 2359 ad
1125 2320 1262 2360 Orest.
1282 2319 1435 2374 quibus
1454 2319 1551 2360 locis
1575 2320 1742 2376 adjicias

303 2404 339 2430 V.
364 2401 458 2442 243.
478 2387 604 2442 hujus
623 2385 790 2427 fabulae.
822 2386 1052 2426 BLOMF.

363 2457 456 2497 162.
477 2455 555 2508 ἀεὶ]
580 2454 655 2494 αἰεὶ
677 2453 743 2492 Μ.
764 2467 856 2492 cum
880 2451 1045 2493 duobus
1063 2452 1162 2492 aliis.

365 2523 456 2576 163.
487 2520 684 2571 τιθέμενος
708 2518 915 2559 Pauwius.
964 2517 1082 2559 Libri
1113 2518 1286 2570 θέμενος,
1308 2518 1420 2574 quod
1452 2518 1738 2560 revocandum.

302 2591 450 2644 Neque
469 2587 574 2628 enim
596 2585 637 2626 in
657 2586 736 2626 hoc
757 2600 890 2635 versu,
912 2584 982 2625 sed
1003 2584 1042 2624 in
1064 2584 1355 2640 antistrophico
1379 2585 1465 2626 vitii
1495 2585 1609 2626 sedes
1628 2600 1739 2640 quae-

302 2655 441 2696 renda.

359 2721 536 2774 θέμενος]
590 2721 796 2760 Porsonus
833 2718 874 2758 in
915 2719 1048 2759 Orest.
1091 2717 1184 2768 248.
1224 2717 1381 2758 confert
1421 2717 1586 2758 scolium
1626 2718 1738 2773 apud

303 2788 460 2841 Athen.
488 2799 548 2840 15.
579 2801 620 2841 p.
643 2788 737 2839 695.
771 2785 938 2837 καθαρὸν
968 2784 1109 2835 θεμένη
1140 2785 1243 2824 νόον.
1274 2783 1385 2839 quod
1417 2783 1619 2825 Stanleius
1637 2798 1739 2838 quo-

301 2870 383 2910 que
413 2853 650 2895 contulerat.
684 2853 881 2908 Tyrtaeus
905 2851 1018 2907 apud
1042 2851 1156 2892 Stob.
1178 2864 1247 2904 50.
1275 2866 1314 2906 p.
1340 2852 1429 2902 189.
1453 2851 1571 2891 Grot.
1594 2851 1739 2903 ἐχθρὰν

300 2923 372 2973 μὲν
392 2920 526 2973 ψυχὴν
548 2918 719 2969 θέμενος.
757 2918 934 2959 Locutio
955 2918 1006 2958 ab
1029 2919 1214 2958 Homero
1233 2917 1354 2958 fiuxit
1377 2916 1425 2957 Il.
1450 2920 1479 2965 1,
1504 2917 1598 2969 625.
1619 2917 1736 2968 αὗταρ
