1898 3178
298 173 325 212 8
832 175 969 215 PRAE
977 175 1186 216 FATIO.

296 282 438 327 seculi
465 296 528 341 15.
554 283 720 341 (Catal.
745 283 832 328 vol.
858 300 896 330 2.
920 299 964 343 p.
981 286 1101 343 553.)
1139 283 1267 330 Inest
1293 285 1612 342 Prometheus,
1637 282 1730 335 col-

295 357 416 403 latus
439 373 466 403 a
489 359 798 404 Vauvillersio
822 358 910 403 vol.
939 375 974 403 1.
999 374 1043 418 p.
1067 376 1164 418 304.

364 450 427 477 11.
462 433 519 478 E.
563 433 792 478 Parisinus
845 438 967 490 2782.
1014 433 1061 478 A
1097 435 1497 495 Constantinopoli
1530 438 1727 485 Parisios

292 508 494 566 perlatus
528 524 567 553 a.
596 522 717 565 1740.
750 509 1017 555 chartaceus
1051 511 1192 555 seculi
1221 517 1284 556 16.
1344 512 1509 558 Insunt
1538 514 1727 561 Prome-

292 590 427 635 theus
461 596 510 635 et
544 590 736 650 Septem
767 597 814 636 et
845 591 934 636 alia
967 591 1161 637 aliorum
1193 595 1374 652 scripta,
1399 595 1457 639 de
1485 597 1651 654 quibus
1683 613 1723 642 v.

292 665 439 709 Catal.
474 665 562 710 vol.
600 682 637 710 2.
675 681 718 725 p.
750 671 844 722 624.
903 667 1110 713 Collatus
1150 683 1177 713 a
1210 669 1518 716 Vauvillersio
1557 672 1646 717 vol.
1688 690 1723 718 1.

290 755 332 798 p.
357 757 454 798 310.

359 831 422 860 12.
458 815 515 860 F.
554 816 784 861 Parisinus
818 821 939 873 2788.
971 817 1238 863 chartaceus
1279 820 1422 864 seculi
1461 826 1524 865 16.
1554 821 1720 878 (Catal.

288 891 376 935 vol.
414 906 451 937 2.
490 905 533 949 p.
565 893 682 950 553.)
743 891 907 936 Insunt
954 892 1271 947 Prometheus,
1313 895 1518 954 Septem,
1557 896 1719 942 Persae.

287 966 496 1011 Collatus
519 981 545 1010 a
569 966 878 1011 Vauvillersio
902 966 990 1012 vol.
1019 983 1054 1010 1.
1078 981 1121 1025 p.
1147 983 1243 1024 322.

356 1058 419 1099 13.
456 1041 513 1086 Ν.
539 1041 770 1086 Parisinus
796 1046 918 1099 2785.
951 1041 1061 1086 olim
1086 1041 1393 1095 Colbertinus,
1418 1044 1720 1105 bombycinus

287 1117 427 1162 seculi
456 1134 519 1175 13.
546 1116 712 1172 (Catal.
738 1117 826 1161 vol.
848 1134 884 1164 2.
909 1133 952 1177 p.
970 1123 1089 1180 552.)
1127 1120 1314 1166 Eaedem
1338 1122 1516 1177 fabulae,
1541 1125 1719 1171 collatae

286 1209 313 1237 a
336 1193 644 1238 Vauvillersio
669 1192 757 1236 vol.
781 1210 821 1248 4.
846 1208 889 1252 p.
916 1199 982 1252 89.

355 1285 418 1323 14.
466 1266 600 1312 Viteb.
635 1267 925 1313 bibliothecae
949 1269 1313 1331 Vitebergensis‚
1345 1272 1614 1320 chartaceus
1649 1290 1718 1321 se-

284 1343 375 1387 culi
415 1359 478 1401 13.
516 1343 589 1386 vel
630 1359 692 1398 14.
747 1341 1052 1390 Prometheus
1088 1344 1181 1402 (cui
1217 1347 1384 1391 desunt
1418 1363 1459 1393 v.
1496 1353 1716 1411 1—267.),

284 1419 489 1478 Septem,
515 1418 676 1463 Persae.
741 1418 985 1464 Lectiones
1009 1422 1144 1466 editae
1177 1422 1236 1466 ab
1269 1425 1443 1468 Zeunio
1473 1426 1521 1469 in
1556 1426 1717 1471 disser-

282 1495 458 1539 tatione
480 1494 742 1539 academica
766 1493 1033 1556 Vitebergae
1056 1512 1095 1541 a.
1125 1500 1246 1553 1780.

351 1583 414 1627 15.
449 1568 575 1629 Lips.
599 1568 890 1614 bibliothecae
914 1572 1164 1624 senatoriae,
1188 1572 1456 1618 chartaceus
1480 1574 1622 1619 seculi
1651 1590 1713 1633 15.

280 1646 427 1689 forma
450 1646 669 1703 quadrata
692 1645 812 1689 foliis
839 1649 932 1689 108.
979 1645 1298 1700 Prometheus,
1323 1647 1526 1707 Septem,
1551 1648 1713 1695 Persae.

282 1720 526 1764 Lectiones
550 1734 609 1763 ex
644 1719 822 1764 schedis
845 1719 1041 1765 Askevii
1065 1721 1211 1766 edidit
1234 1721 1467 1768 Butlerus.
1527 1723 1716 1770 Prome·

279 1796 389 1840 theo
422 1795 608 1854 praefixa
644 1800 751 1839 sunt
787 1795 896 1840 folia
932 1801 1038 1841 octo
1075 1797 1244 1842 codicis
1283 1813 1376 1843 non
1411 1798 1562 1844 multo
1597 1801 1716 1845 anti-

279 1872 460 1930 quioriS,
493 1870 760 1915 Promethei
795 1886 950 1916 versus
979 1877 1072 1930 169.
1106 1871 1170 1923 τίς
1203 1869 1271 1918 038⁶
1305 1873 1584 1935 τλησικάρδιος

277 1961 422 2005 usque
445 1946 502 1991 ad
526 1960 622 2004 379.
658 1942 682 1999 ἦ
715 1950 769 2006 τῷ
802 1945 877 1990 νέον
910 1950 1110 2006 κρατῦῧντι
1142 1953 1383 2007 παγκρατεῖς
1415 1946 1555 2008 ἕδραςς
1590 1964 1714 1994 com-

276 2022 425 2080 plexa.

346 2102 409 2141 16.
439 2111 503 2154 17.
536 2096 666 2143 Cant.
695 2114 730 2141 1.
755 2103 803 2141 et
829 2094 959 2142 Cant.
986 2111 1023 2142 2.
1048 2096 1106 2140 de
1129 2097 1295 2154 quibus
1319 2096 1540 2143 Butlerus
1562 2099 1650 2143 vol.
1671 2104 1709 2144 8.

275 2189 318 2232 p.
335 2174 392 2217 vi.
417 2179 442 2197 “
459 2171 590 2219 Cant.
614 2190 648 2217 1.
674 2173 941 2217 chartaceus
964 2169 1106 2215 seculi
1135 2187 1197 2229 13.
1223 2171 1296 2216 vel
1323 2188 1389 2227 14.
1417 2172 1549 2218 bonae
1575 2179 1709 2227 notae,

275 2249 421 2293 forma
443 2248 676 2307 quadrata,
701 2248 779 2306 qui
813 2261 839 2290 e
872 2251 1032 2290 monte
1063 2244 1194 2291 Atho
1222 2247 1281 2292 ab
1305 2247 1406 2292 Ric.
1431 2246 1589 2301 Mead,
1613 2263 1709 2293 me-

274 2326 390 2378 dico,
430 2329 582 2368 emtus
617 2328 721 2382 post
750 2326 950 2366 mortem
981 2322 1079 2380 ejus
1122 2322 1171 2365 in
1210 2320 1419 2375 Askevii,
1454 2323 1620 2367 deinde
1659 2323 1708 2367 in

273 2400 538 2446 Academiae
565 2397 953 2457 Cantabrigiensis
986 2397 1315 2442 bibliothecam
1349 2402 1421 2442 est
1452 2397 1705 2448 traductus,

272 2477 350 2521 ubi
388 2491 509 2520 nunc
546 2479 733 2520 notatur
774 2473 869 2518 Nn.
905 2490 944 2531 3.
976 2486 1040 2529 17.
1101 2472 1322 2517 Continet
1359 2471 1704 2524 Prometheum,

273 2552 464 2611 Septem
498 2555 547 2596 et
581 2550 756 2595 Persas.
809 2547 940 2595 Cant.
967 2564 1005 2595 2.
1033 2548 1301 2593 chartaceus
1335 2548 1542 2607 ejusdem
1576 2547 1705 2592 volu-

270 2628 419 2679 minis,
443 2626 585 2672 seculi
612 2643 678 2682 14.
698 2625 771 2670 vel
799 2637 864 2682 15.
896 2623 970 2668 Ex
991 2623 1063 2668 his
1084 2621 1214 2670 Cant.
1239 2640 1274 2667 1.
1299 2623 1395 2667 fere
1417 2623 1475 2667 ad
1498 2622 1703 2666 medium

270 2702 501 2761 tragoediae
531 2699 948 2759 Septemthebanae,
970 2697 1100 2745 Cant.
1122 2714 1160 2743 2.
1184 2698 1242 2742 ad
1269 2697 1410 2742 finem
1435 2695 1701 2742 Promethei

270 2777 529 2821 contulerat
539 2776 786 2829 Askevius,
800 2776 888 2820 hoc
905 2774 1176 2833 compendio
1191 2771 1375 2818 ususM
1387 2771 1481 2829 (i.e.
1492 2771 1701 2816 Meadia-

269 2854 372 2913 nus)
403 2869 436 2895 1.
464 2868 501 2897 2.
557 2851 657 2895 Nos
692 2856 939 2908 utrumque
963 2850 1207 2909 diligenter
1230 2848 1510 2894 contulimus
1534 2851 1581 2890 et
1606 2861 1697 2890 non
