1898 3256
383 248 474 290 AD
507 245 760 289 SEPTEM
791 240 1124 286 ADVERSUS
1156 237 1425 281 THEBAS.
1558 234 1642 277 165

176 362 337 405 codices
364 371 518 419 praeter
536 361 651 403 ΑΒ.
682 358 866 414 aliosque
895 369 1066 414 paucos),
1090 353 1133 395 in
1154 351 1310 409 quibus
1339 352 1383 392 δὲ
1409 353 1542 392 πιτνεῖ
1567 358 1642 392 est.

179 430 306 487 Soph.
338 428 486 485 Antig.
516 438 610 484 135.
637 424 891 483 comparavit
919 421 1208 472 Blomfieldus,
1240 420 1284 464 ὃς
1309 420 1400 461 τότε
1425 417 1645 474 μαινομένᾳ

178 499 247 550 ξὺν
266 499 367 551 ὁρμᾷ
387 496 597 550 βακχεύων
617 493 779 536 ἐπέπνει
797 494 929 546 ῥιπαῖς
950 491 1146 546 ἐχθίστων
1166 488 1334 541 ἀνέμων.

235 562 764 621 345-356=357—368.
796 561 951 602 Versus
982 558 1024 599 in
1060 556 1162 599 Ald.
1199 556 1255 598 sic
1292 554 1427 606 divisi,
1463 570 1644 607 κορκορυ-

180 635 311 689 γαὶ-
335 632 343 690 Ι
369 632 401 674 δ’
443 631 651 686 ὁρκάνη-
676 630 683 687 Ι
710 629 742 671 δ’
778 628 941 682 ἆνὴρ-
964 627 973 682 Ι
998 630 1144 668 τῶν-
1169 624 1174 682 Ι
1202 624 1436 678 ἃρπαγαὶ-
1462 622 1468 680 Ι
1494 627 1644 674 ξυμβα-

179 706 302 744 λεῖ-
326 700 334 758 Ι
360 702 424 742 καὶ
451 699 620 743 κενὸς-
645 697 652 754 Ι
678 698 928 750 ξύννομον-
953 696 960 749 Ι
986 695 1076 736 οὔτε
1104 711 1205 746 μ.-
1228 693 1237 745 Ι
1263 691 1392 733 τίν’-
1419 690 1426 748 Ι
1451 694 1646 732 παντοδα-

180 771 316 814 πὸς-
340 768 347 826 Ι
373 769 606 822 ἆλγύνει-
630 765 637 823 Ι
662 766 862 808 πολλᾶ-
888 762 895 820 Ι
922 763 1204 806 οὗτιδανοῖς-
1232 759 1239 818 Ι
1266 758 1492 813 δμωΐδες-
1516 758 1523 816 Ι
1549 758 1643 810 τλή-

180 854 357 890 μονες-
382 836 389 894 Ι
416 837 728 890 εὐτυχοῦντος-
753 832 759 888 Ι
786 832 959 875 ἐλπίς-
982 829 992 887 Ι
1016 829 1380 883 παγκλαύστων--.

238 916 335 961 345.
356 905 454 959 346.
476 912 518 944 et
537 901 580 943 in
601 899 862 957 antistrophe
881 910 980 955 357.
1000 898 1098 954 358.
1123 897 1165 938 in
1196 911 1327 938 unum
1349 893 1645 952 conjungendi,

181 972 255 1029 qui
293 971 560 1014 dochmiacus
601 978 663 1011 est
702 983 799 1010 cum
838 967 1034 1018 molosso,
1075 965 1191 1022 quod
1231 965 1336 1006 vidit
1376 965 1649 1006 Hermannus

182 1040 320 1082 Elem.
342 1040 473 1082 doctr.
495 1047 615 1080 metr.
635 1052 680 1094 p.
704 1049 824 1093 233.:
853 1035 930 1077 nisi
951 1034 1045 1092 quis
1063 1033 1287 1075 molossum
1309 1033 1435 1075 istum
1455 1031 1649 1089 proximo

180 1107 414 1149 adscribere
443 1105 580 1148 versui
615 1104 746 1155 malit,
778 1103 852 1160 qui
886 1103 966 1145 hoc
991 1112 1115 1160 pacto
1148 1117 1212 1143 ex>
1234 1100 1402 1143 duobus
1430 1099 1647 1150 dochmiis‚

181 1175 332 1218 cretico
350 1175 581 1232 interjecto,
602 1170 820 1214 constabit.

239 1255 337 1300 345.
360 1242 436 1298 ἀν’]
458 1243 535 1284 ἀνὰ
555 1242 624 1282 Μ.
646 1239 750 1281 Ald.
773 1240 910 1280 Turn.

241 1310 493 1366 κορκορυγαὶ]
526 1309 754 1365 Str-epita&
792 1305 929 1348 Schol.
966 1306 1210 1359 κορκορυγαὶ.
1242 1303 1514 1360 κεκωμῴδηται
1548 1304 1592 1345 δὲ
1625 1303 1650 1356 ἡ

183 1380 302 1431 λέξις.
332 1379 386 1420 ab
416 1376 701 1434 Aristophane
732 1374 884 1416 scilicet
912 1373 953 1414 in
986 1374 1098 1415 Pace
1122 1389 1161 1414 v.
1185 1386 1281 1429 991.
1300 1375 1438 1413 Λῦσον
1457 1372 1500 1413 δὲ
1518 1371 1651 1426 μάχας

186 1449 250 1490 καὶ
280 1444 530 1501 κορκορυγάς.
560 1444 675 1501 quod
705 1443 805 1486 citat
837 1442 987 1484 Suidas
1016 1441 1058 1482 in
1088 1457 1204 1483 voce.
1237 1440 1415 1498 Lysistr.
1436 1453 1537 1495 491.
1563 1440 1655 1481 Ἀεί

186 1533 274 1558 τινα
314 1514 553 1568 κορκορυγὴν
593 1514 752 1555 ἐκύκων.
813 1511 929 1552 Hinc
978 1510 1342 1563 διεκορκορύγησεν.
1394 1509 1509 1551 Nub.
1550 1509 1651 1564 386.

187 1583 421 1625 BLOMF.

243 1652 341 1707 346.
363 1649 468 1705 ποτὶ]
489 1649 603 1702 προτὶ
622 1647 687 1688 vel
707 1646 783 1700 πρὸ
804 1647 841 1689 τὶ
863 1646 1007 1688 Guelf.
1027 1655 1069 1687 et
1090 1647 1226 1687 Taur.

245 1718 402 1773 πτόλιν]
433 1716 554 1758 Libri
584 1715 733 1773 partim
766 1714 835 1766 sic,
866 1714 1016 1771 partim
1053 1715 1186 1762 πόλιν,
1219 1714 1335 1770 quod
1367 1714 1522 1755 habent
1550 1712 1652 1755 Ald.

190 1786 302 1828 Rob.
343 1783 603 1826 Vocabulum
638 1782 861 1824 delendum
904 1797 990 1823 esse
1029 1781 1134 1822 vidit
1170 1783 1451 1823 Hermannus.
1502 1781 1656 1824 Deleto

190 1864 328 1895 autem
360 1868 409 1894 eo
437 1852 528 1893 ποτὶ
551 1850 841 1893 adverbialiter
867 1859 929 1892 est
957 1849 1267 1906 accipiendum:
1301 1849 1414 1893 unde
1445 1851 1655 1891 Herman-

191 1937 270 1963 nus
289 1930 460 1962 accentu
481 1928 661 1961 retracto
681 1920 795 1972 πρότι
815 1917 987 1974 scripsit.

250 1988 398 2043 ὁρκάνα
417 1988 603 2030 Α.Β.Μ.
624 1986 790 2043 aliique.
836 1984 983 2039 ὁρκάνη
1002 1986 1144 2042 vulgo.
1188 1984 1346 2039 ὁρκάνει
1367 1985 1549 2027 Vindob.
1571 1984 1658 2027 duo

194 2072 290 2100 cum
309 2057 366 2113 gl.
389 2057 596 2110 ἐγείρεται,
613 2056 765 2109 γίνεται
786 2055 894 2107 δίκην
914 2055 1064 2108 πύργου
1085 2055 1323 2108 ἀφανισμός.

249 2124 423 2178 Ὁρκάνη
443 2127 644 2178 πυργῶτις.
683 2123 842 2164 Turris
857 2123 1189 2179 expugnatoria,
1206 2121 1259 2162 ad
1281 2122 1433 2162 moenia
1447 2121 1660 2162 admoveri

194 2193 324 2235 solita.
373 2192 560 2247 “Ορκάνη.
592 2192 640 2234 τὸ
666 2190 894 2245 θηρευτικὸν
919 2191 1086 2238 δίκτυον,
1115 2189 1137 2231 ὃ
1167 2190 1231 2231 καὶ
1258 2187 1438 2243 σαργάνη
1467 2193 1658 2231 καλεῖται.

197 2261 334 2304 Schol.
366 2263 388 2303 ὁ
417 2260 613 2315 περιέχων
644 2263 778 2313 τοῖχος
808 2259 960 2310 οἴκησιν
987 2257 1011 2310 ἢ
1040 2258 1200 2312 χωρίον.
1233 2259 1380 2311 εἴρηται
1410 2258 1454 2299 δὲ
1483 2257 1562 2299 ἀπὸ
1592 2260 1661 2298 τοῦ

196 2330 322 2383 ἕρκος,
353 2330 377 2370 ὅ
407 2330 493 2370 ἐστι
523 2328 742 2382 περιβόλου
776 2325 952 2380 φράγμα.
989 2324 1182 2367 PhotiuS.
1233 2325 1303 2367 Cf.
1339 2326 1661 2382 Harpocration.

197 2412 322 2453 quem
351 2406 446 2453 post
469 2395 663 2437 exscribit
694 2393 886 2436 Photius.
946 2393 1164 2435 Arnaldus
1193 2393 1292 2435 citat
1319 2393 1472 2450 Eurip.
1505 2393 1661 2435 Bacch.

200 2465 299 2504 611.
329 2463 404 2507 (Ως
434 2465 490 2507 εἰς
510 2464 716 2505 σκοτεινὰς
735 2461 904 2515 ὁρκάνας
923 2463 1179 2514 πεσούμενος.
1210 2461 1238 2503 i.
1257 2477 1292 2502 e.
1313 2475 1535 2503 carcerem.
1570 2461 1663 2517 [ubi

199 2529 282 2571 vid.
313 2529 481 2585 Elmsl.]
518 2529 696 2572 Photius
725 2529 848 2570 etiam
878 2528 1057 2586 explicat
1086 2527 1343 2582 περίφραγμά
1365 2546 1402 2570 τι
1426 2530 1660 2574 ἀκανθῶδες.

201 2608 327 2653 atque
345 2596 609 2654 ita‘Etymol.
637 2598 705 2638 M.
726 2612 769 2654 p.
786 2598 886 2652 632,
902 2606 971 2652 25.
993 2596 1193 2637 Eustath.
1214 2596 1268 2637 ad
1291 2595 1412 2638 Iliad.
1435 2601 1480 2638 B.
1502 2612 1545 2653 p.
1564 2610 1662 2654 233,

204 2678 251 2716 41
264 2695 273 2705 .
325 2666 419 2706 Vox
438 2668 631 2718 πυργῶτις
649 2679 700 2706 an
722 2674 912 2707 occurrat
931 2663 1029 2705 alibi
1050 2663 1197 2705 nescio.
1229 2663 1459 2706 BLOMF.

262 2742 356 2787 347.
377 2733 482 2790 δορὶ]
504 2732 580 2774 ὑπὸ
601 2732 684 2785 δορὶ
704 2732 816 2774 Rob.

265 2801 346 2852 δορὶ
376 2801 567 2855 καίνεται]
602 2800 835 2842 Dochmius
853 2800 929 2841 etsi
948 2799 1068 2841 facile
1098 2799 1258 2841 restitui
1287 2808 1424 2855 potest
1444 2802 1549 2855 δόρει
1569 2803 1665 2844 scri-

213 2865 357 2918 bendo,
392 2878 528 2909 tamen
568 2882 649 2909 non
690 2867 904 2924 probabile
943 2877 1004 2909 est
1039 2867 1119 2908 alia
1157 2882 1283 2923 quam
1323 2867 1364 2907 in
1405 2868 1665 2926 antistropho

217 2931 384 2976 dochmii
405 2935 539 2976 forma
561 2950 683 2977 usum
703 2950 790 2976 esse
810 2944 988 2991 poetam.
1049 2935 1328 2985 Quamobrem
1351 2946 1443 2991 post
1468 2937 1565 2991 ἀνήρ
1585 2938 1666 2996 syl-

219 2998 345 3041 labam
365 3017 487 3045 unam
508 3002 705 3044 excidisse
724 3002 911 3058 conjicio,
933 3017 1028 3059 quae
1047 3002 1220 3045 fortasse
1241 3005 1338 3047 στὰς
1356 3003 1452 3046 fuit.
1733 2990 1736 2994 Δ
