1898 3256
328 233 411 273 118
800 235 1293 276 ANNOTATIONES

383 342 482 394 969.
523 341 659 395 φῦναι]
694 344 815 394 φῆναι
849 342 914 383 M.
951 341 1102 396 aliique
1135 339 1319 380 nonnulli
1358 352 1452 379 cum
1491 336 1593 378 Ald.
1627 338 1762 377 Turn.

327 410 471 459 φυῆναι
491 416 666 462 utraque
686 409 889 464 scriptura
908 409 995 463 conj
1003 415 1125 449 uncta
1144 406 1322 448 Vindob.
1344 405 1440 446 duo.

385 473 543 528 πιστὸν]
564 476 705 515 πιστόν
723 474 759 527 γ’
782 476 846 515 Μ.

339 591 341 593 ¹
385 551 481 592 971.
520 541 736 594 πράγμασι]
775 540 925 591 πήμασι
963 539 1064 580 Ald.
1106 539 1212 580 Rob.
1247 539 1382 579 Turn.
1431 538 1671 577 Con-ectum
1711 550 1762 576 ex

327 606 508 646 A.B.M.
529 605 699 661 aliisque
720 606 904 660 plurimis
923 616 964 646 et
985 606 1149 645 Thoma
1171 606 1235 645 M.
1252 619 1281 645 s.
1298 619 1338 643 v.
1360 606 1496 656 χλιδῶ.

385 683 480 724 974.
501 672 728 726 ξυμφοραῖς]
751 676 969 724 συμφοραῖς
993 671 1101 721 libri,
1122 670 1195 711 nisi
1216 670 1328 726 quod
1350 672 1551 722 συμφορᾶς
1570 669 1628 718 D,
1648 667 1760 723 quod

327 748 378 774 ex
398 735 630 790 conjectura
648 735 787 791 posuit
806 735 1001 777 Valcken.
1021 736 1072 776 ad
1094 735 1242 790 Eurip.
1266 735 1408 776 Phoen.
1427 735 1522 787 632.
1751 733 1753 735 ’

384 810 479 854 975.
512 801 695 854 ἐχθαίρω]
728 803 919 854 ἐχθραίνω
941 803 997 843 D.
1022 803 1075 842 N.
1096 812 1138 842 et
1158 803 1294 842 Turn.
1316 809 1456 841 contra
1476 812 1628 839 morem
1651 796 1762 837 Atti-

327 880 483 914 corum,
503 865 554 905 de
574 881 658 920 quo
678 881 716 906 v.
739 868 909 908 Porson.
932 869 985 907 ad
1005 867 1154 922 Eurip.
1177 869 1309 908 Orest.
1331 878 1427 920 292.
1448 870 1476 889 “
1491 863 1762 905 Prometheus

328 931 657 986 Aristophaneus
686 934 770 973 Av.
795 943 915 986 1547.
948 933 1016 982 ait,
1047 937 1149 984 μισῶ
1179 932 1210 973 δ’
1238 933 1412 974 ἅπαντας
1437 931 1526 973 τοὺς
1556 930 1678 976 θεοὺς,
1712 930 1763 971 ὥς

328 997 445 1040 οἶσθα
463 999 550 1038 σύ.”
580 999 809 1039 BLOMF.

384 1073 481 1117 977.
503 1066 668 1116 σμικρὰν
689 1064 936 1105 Brunckius.
964 1067 1104 1117 μικρὰν
1122 1064 1225 1106 libri.

384 1139 481 1184 979.
502 1130 709 1185 πράσσοις]
730 1130 920 1183 πράσσεις
938 1131 1094 1186 aliquot
1109 1131 1228 1173 codd.
1247 1141 1290 1172 et
1308 1130 1410 1172 Ald.

384 1196 479 1250 980.
500 1197 611 1251 ὤμοι]
632 1199 734 1248 οἴμοι
753 1197 985 1238 Elmsleius.

384 1262 481 1316 985.
501 1261 555 1316 γ’]
576 1262 606 1303 δ’
629 1263 738 1304 Rob.

385 1329 481 1383 986.
500 1327 602 1369 παῖδ’
624 1330 720 1370 ὄντα
737 1329 801 1384 με]
822 1330 941 1371 παῖδά
959 1347 1008 1381 με
1027 1330 1092 1370 Μ.
1112 1329 1289 1370 Vindob.
1312 1329 1410 1380 duo,
1433 1329 1573 1385 Steph.

385 1395 481 1448 988.
519 1396 766 1450 πευσεῖσθαι]
807 1396 1075 1437 Scribendum
1105 1397 1322 1437 πεύσεσθαι
1354 1410 1403 1435 ex
1440 1395 1496 1436 N
1546 1385 1763 1436 πεύσεσθαι

328 1462 386 1504 D.
419 1461 512 1503 Vid.
531 1462 583 1502 ad
603 1462 818 1518 Aristoph.
839 1463 1023 1503 Acharn.
1046 1474 1139 1517 203.

385 1542 482 1584 990.
513 1529 790 1583 προτρέψεται]
819 1529 1108 1582 προστρέψεται
1138 1529 1204 1577 Μ,
1226 1527 1295 1568 sed
1325 1536 1548 1568 correctum
1575 1526 1618 1567 in
1648 1541 1759 1567 mar-

326 1594 422 1650 gine
441 1595 493 1636 ab
514 1595 591 1636 alia
611 1610 748 1635 manu.

386 1674 482 1716 992.
522 1663 769 1702 αἰθαλοῦσσα
808 1662 1020 1702 Canterus.
1073 1661 1210 1715 Vulgo
1238 1662 1470 1702 αἰθαλὸῦσα.
1514 1660 1762 1702 αἰθάλλουσα

327 1728 510 1768 Α.Β.Μ.
530 1727 733 1783 adsrcipto
751 1727 793 1767 in
814 1727 996 1783 margine
1017 1728 1083 1767 M.
1103 1745 1166 1780 γρ.
1186 1729 1435 1779 αῖθεροῦσσα.

383 1806 479 1848 993.
519 1793 764 1848 λευκοπτέρῳ
799 1795 841 1834 δὲ
873 1794 1020 1848 νιφάδι]
1059 1793 1329 1846 λευκοπτέροις
1361 1794 1403 1833 δὲ
1435 1792 1573 1845 νιφάσι
1603 1791 1761 1847 aliquot

326 1859 494 1901 codices.

385 1937 480 1982 995.
502 1927 693 1982 γνάμψει]
714 1927 863 1980 γνάψει
882 1926 967 1967 duo
986 1926 1154 1967 codices.

385 1993 552 2048 φράσαι]
574 1994 743 2046 φράσειν
763 1995 828 2034 Μ.

386 2072 480 2113 997.
503 2076 572 2100 νυν
593 2061 727 2100 Turn.
759 2063 828 2100 νῦν
845 2059 945 2100 Ald.
967 2059 1078 2100 Rob.

387 2127 481 2179 998.
514 2124 651 2180 ὦπται]
682 2125 712 2166 ὦ
737 2131 811 2167 παῖ
834 2127 899 2166 Μ.
925 2135 966 2166 et
985 2140 1069 2166 var.
1091 2125 1182 2166 lect.
1201 2124 1311 2180 apud
1335 2124 1595 2165 Turnebum.
1639 2124 1761 2166 ὦπται

329 2193 375 2244 δὴ
394 2195 512 2233 ταῦτα
533 2194 594 2233 καὶ
612 2194 876 2244 βεβούλευται
894 2192 1016 2234 πάλαι
1036 2192 1147 2232 Rob.

391 2269 510 2300 1002.
532 2276 581 2299 σε
599 2259 656 2313 μ.]
679 2259 715 2299 σ’
738 2260 870 2300 ἔννοια
888 2276 928 2310 μ.
949 2258 1105 2313 aliquot
1124 2257 1244 2298 codd.

383 2325 539 2380 μήποθ’]
559 2326 700 2378 μηπάθ’
723 2327 789 2375 Μ,
811 2325 881 2366 sed
899 2323 1037 2376 μήποθ’
1058 2324 1099 2364 ἱῐ]
1120 2323 1313 2378 margine.

389 2404 509 2446 1005.
527 2393 670 2447 χερῶν]
691 2397 831 2446 χειρῶν
852 2392 952 2433 Ald.
974 2391 1083 2432 Rob.

390 2470 510 2512 1007.
532 2460 593 2500 καὶ
611 2459 735 2510 μάτην
756 2459 874 2514 ἐρεῖν]
895 2476 957 2511 γρ.
979 2457 1067 2499 ἀλλ’
1091 2459 1194 2510 ἐρεῖν
1212 2456 1337 2508 μάτην
1357 2471 1497 2510 margo
1519 2457 1580 2497 M.

387 2526 509 2567 1008.
548 2525 974 2579 τέγγει-μαλθάσσει]
1017 2522 1405 2579 τέγγῃ-μαλθάσσῃ
1438 2521 1521 2575 (vel
1554 2522 1757 2577 μαλθάσῃ)

327 2592 434 2633 libri.

386 2657 478 2710 κέαρ
497 2662 621 2700 λιταῖς
641 2657 750 2698 Rob.
782 2660 907 2699 λιταῖς
928 2657 1037 2707 ἐμαῖς
1054 2654 1147 2696 libri
1167 2654 1324 2710 reliqui.

389 2737 507 2765 1010.
533 2737 607 2764 101
619 2737 654 2763 1.
674 2722 1026 2776 βιάζει-μάχει-
1034 2721 1258 2775 σφοδρύνει]
1279 2737 1358 2771 -ῃ
1378 2728 1440 2761 ter
1456 2719 1562 2761 libri.

386 2804 508 2832 1011.
539 2789 765 2843 σφοδρύνει]
795 2789 976 2829 Ferocis.
1020 2789 1168 2829 Vocem
1198 2802 1279 2828 non
1311 2787 1406 2828 alibi
1434 2786 1547 2842 apud
1575 2795 1759 2827 auctores

328 2857 447 2898 bonae
466 2866 575 2898 notae
594 2856 742 2897 vidisse
760 2854 935 2897 memini.
968 2855 1196 2896 BLOMF.
1246 2855 1385 2906 σοφίζῃ
1406 2852 1514 2894 Rob.

390 2936 509 2978 1013.
532 2927 643 2975 μεῖον
664 2921 880 2965 Stanleius.
932 2920 1049 2963 Libri
1077 2921 1221 2973 μεῖζον.
1269 2921 1365 2961 Non
1394 2917 1679 2960 intellexerunt
1707 2917 1756 2958 li-
