1898 3256
574 231 664 272 AD
695 228 1173 272 PROMETHEUM.
1525 229 1610 274 109

204 349 298 401 848.
321 349 490 404 τίθησιν]
511 341 677 392 τίθεηισιν
698 349 766 391 Μ.

203 417 299 471 849.
322 418 486 469 ἐπαφῶν
507 417 676 470 ἀταρβεῖ
692 417 795 470 χειρὶ
816 418 879 458 καὶ
899 418 1020 470 θιγὼν
1038 415 1152 472 (libri
1169 417 1311 470 θίγων)
1331 415 1476 473 μόνον]
1496 417 1607 457 Cum

144 484 270 524 verba
291 485 456 536 ἐπαφῶν
478 484 541 525 καὶ
561 485 682 537 θιγὼν
700 485 825 536 μόνον
846 499 926 525 non
949 484 1002 525 ad
1025 484 1216 538 ἔμφρονα,
1240 483 1310 524 sed
1335 483 1388 524 ad
1412 485 1611 537 ἐγκύμονα

143 550 208 592 vel
239 550 321 592 tale
349 550 451 606 quid
483 550 731 607 pertineant,
761 552 978 593 verisimile
1008 562 1068 594 est
1097 562 1171 593 aut
1203 552 1387 593 nonnihil
1419 561 1512 608 post
1544 552 1611 604 ἔμ-

144 624 276 672 φρονα
303 618 571 669 intercidisse,
593 628 666 660 aut
692 620 819 661 verba
845 620 1038 674 Ἐπαφῶν
1065 621 1235 673 ἀταρβεῖ
1260 620 1363 674 χειρὶ
1394 619 1458 660 καὶ
1488 619 1610 672 θιγὼν

142 688 267 738 μόνον
286 686 340 727 ab
359 686 523 727 erudito
541 686 711 728 librario
740 686 782 727 in
811 687 996 743 margine
1025 687 1226 743 apposita,
1248 687 1418 728 demum
1449 686 1490 727 in
1522 696 1610 727 tex-

145 759 234 791 tum
273 750 493 807 irrepsisse.
555 753 661 802 Quae
699 751 867 808 quidem
909 752 1110 794 sententia
1146 753 1319 794 fortasse
1359 752 1494 794 verior
1532 763 1607 794 est.

144 819 242 860 Non
264 818 371 859 enirn
393 819 664 860 necessarium
686 828 774 860 erat
795 830 841 860 ut
859 820 1150 871 Prometheus,
1173 821 1295 877 cujus
1315 836 1449 862 sermo
1468 820 1611 877 paullo

144 886 544 940 αῖνιγματωδέστερος
564 896 638 937 est,
662 902 747 928 rem
770 888 1072 943 spectatoribus
1098 888 1195 930 satis
1223 899 1362 930 notam
1394 889 1611 945 perspicue

146 954 239 996 Ioni
279 954 472 1011 aperiret.
524 956 678 996 ELM.
759 958 890 998 Recte
931 957 1157 999 Elmsleius
1195 957 1309 999 hunc
1351 973 1514 999 versum
1555 957 1611 999 ab

145 1022 350 1078 AEschylo
371 1022 569 1078 scriptum
591 1038 678 1064 esse
698 1035 835 1080 negat.

202 1091 299 1144 850.
321 1090 596 1148 γεννημάτων]
621 1092 717 1131 Non
746 1101 919 1148 apparet
945 1092 1156 1148 quomodo
1176 1092 1207 1133 J
1210 1092 1299 1133 ovis
1321 1107 1415 1133 cum
1440 1094 1491 1133 Io
1511 1108 1608 1134 con-

143 1157 323 1198 suetudo
343 1157 570 1211 γεννήματα
589 1157 669 1199 dici
691 1158 832 1214 possit.
893 1159 1114 1201 Verissima
1133 1169 1195 1201 est
1213 1175 1338 1216 quam
1365 1160 1549 1217 Scaliger
1567 1161 1610 1201 in

143 1225 329 1281 margine
358 1224 452 1265 libri
485 1225 545 1265 sui
577 1226 819 1266 memoravit
848 1227 1082 1267 emendatio
1114 1228 1339 1284 Peyraredi
1371 1229 1609 1282 θιγημάτων,

143 1301 270 1348 atque
290 1292 332 1333 id
352 1292 487 1348 ipsum
510 1292 682 1334 fortasse
709 1292 864 1349 legerat
894 1293 1165 1350 interpolator
1192 1296 1265 1352 qui
1285 1296 1326 1337 in
1348 1297 1611 1352 praecedente

143 1375 262 1401 versu
294 1361 414 1412 θιγὼν
443 1360 567 1410 μόνον
597 1359 747 1415 posuit.
809 1361 1011 1417 Hesychii
1042 1362 1218 1418 glossam
1254 1364 1478 1417 θιγμάτωνε
1521 1382 1610 1417 μια-

144 1426 304 1479 σμάτων
341 1426 395 1467 ad
435 1426 546 1467 hunc
586 1427 721 1468 locum
762 1428 1033 1484 probabiliter
1072 1431 1234 1472 rettulit
1272 1431 1514 1473 Valckenar.
1556 1433 1610 1474 ad

142 1496 294 1552 Eurip.
312 1496 461 1536 Phoen.
482 1511 525 1552 p.
545 1508 642 1551 243.
664 1497 857 1538 restituto
878 1498 1114 1550 θιγημάτων.
1148 1501 1345 1541 Ceterum
1367 1502 1420 1543 de
1440 1501 1611 1558 Epaphi

141 1573 266 1619 partu
286 1563 525 1604 conferatur
547 1563 694 1620 Suppl.
718 1565 784 1605 18.
804 1567 990 1619 45-48,

201 1631 297 1685 853.
328 1630 678 1686 πεντηκοντάπαις]
710 1634 1041 1683 πεντηκοντάπαις
1061 1634 1170 1675 Rob.
1198 1634 1323 1676 male:
1357 1650 1450 1676 nam
1475 1636 1610 1678 Attici

141 1712 408 1738 numerorum
450 1698 758 1739 terminationes
797 1698 839 1739 in
880 1701 1116 1756 compositis
1148 1712 1327 1751 servant,
1363 1703 1416 1743 de
1450 1718 1535 1758 qua
1565 1718 1610 1744 re

141 1764 312 1821 insignis
342 1774 403 1806 est
433 1765 547 1806 locus
577 1781 627 1806 ex
660 1766 905 1808 Herodiano
936 1769 1026 1821 περὶ
1054 1772 1191 1810 παθῶν
1219 1769 1261 1810 in
1294 1771 1442 1826 Etym.
1466 1772 1534 1811 M.
1564 1786 1606 1827 p.

141 1834 244 1887 346,
271 1846 334 1884 14.
373 1833 601 1874 BLOMF.
662 1833 796 1874 Aliud
833 1836 1167 1887 πεντηκοντάπαις
1196 1852 1228 1877 s.
1258 1839 1606 1889 πεντηκοντάπαις,

141 1897 256 1939 aliud
286 1900 631 1949 πεντηκοστόπαις.
676 1900 826 1956 Suppl.
858 1916 899 1942 v.
930 1912 1029 1956 325.
1062 1902 1222 1946 Δαναὸς
1252 1901 1283 1943 δ’
1315 1904 1491 1956 ἀδελφός
1522 1905 1609 1944 ἐστι

141 1967 489 2017 πεντηκοστόπαις.
551 1966 666 2008 Illud
695 1982 748 2008 ecc
776 1970 1089 2024 quinquaginta
1117 1970 1262 2010 liberis
1292 1976 1501 2020 constans,
1528 1970 1607 2011 hoc

141 2034 455 2089 quinquaginta
481 2034 631 2075 libero-s·
653 2034 818 2076 habens.
882 2035 998 2076 Male
1017 2036 1148 2092 igitur
1167 2037 1419 2078 Eustathius
1438 2037 1491 2078 ad
1515 2039 1607 2078 Ho-

142 2115 241 2141 mer.
263 2115 302 2156 p.
324 2113 395 2155 32,
415 2113 484 2156 33.
514 2102 708 2142 Danaum
741 2111 782 2143 et
807 2103 1048 2159 AEgyptum
1079 2103 1268 2160 quintam
1298 2104 1607 2159 generationem

140 2167 268 2209 fuisse
296 2167 368 2219 ait,
398 2168 532 2223 primo
560 2168 675 2224 quod
701 2169 754 2210 ab
786 2170 838 2210 Io
868 2169 1008 2218 ducat,
1041 2170 1105 2212 ἀπ’
1137 2172 1256 2212 αὐτοῦ
1287 2171 1373 2212 scil.
1406 2172 1605 2228 Epapho,
1632 2186 1633 2189 ’

141 2235 323 2276 secundo
339 2235 453 2291 quod
471 2237 802 2288 πεντηκοντάπαις
821 2236 927 2277 male
946 2237 1152 2294 intelligit.
1187 2239 1412 2280 STANL.

200 2304 224 2343 8
227 2312 296 2358 57.
329 2304 450 2355 κίρκοι
478 2307 650 2344 πελειῶν
676 2304 722 2344 οὐ
749 2305 904 2357 μακρὰν
927 2305 1202 2362 λελειμμένοι]
1225 2306 1387 2347 Eadem
1414 2306 1606 2348 similitu-

139 2369 238 2411 dine
267 2369 320 2411 de
349 2369 551 2411 Dana'l’sin
584 2369 718 2411 utitur
746 2379 886 2412 noster
917 2372 1066 2428 Suppl.
1090 2385 1186 2416 222.
1209 2375 1254 2414 ἐν
1281 2374 1388 2429 ἁγνῷ
1414 2373 1462 2423 δ’,
1485 2374 1607 2426 ἐσμὸς

141 2436 193 2480 ὣς
229 2436 463 2486 πελειάδων,
496 2435 666 2486 Ἴζεσθε,
702 2437 842 2490 κίρκων
880 2442 958 2479 τῶν
992 2439 1221 2492 ὁμοπτέρων
1256 2442 1390 2495 φόβῳ,
1422 2440 1605 2495 Ἐχθρῶν

142 2505 320 2556 ὁμαίμων
341 2505 404 2545 καὶ
422 2505 658 2555 μιαινόντων
676 2504 808 2557 γένος.
841 2505 1071 2547 BLOMF.

199 2574 371 2612 πελειῶν
397 2571 443 2611 οὗ
471 2573 626 2624 μακρὰν
654 2572 927 2627 λελειμμένοι]
962 2575 1060 2614 Non
1091 2574 1235 2630 procul
1267 2575 1480 2626 distantes,
1501 2575 1543 2617 h.
1567 2591 1605 2616 e.

143 2637 357 2688 instantes,
378 2637 638 2680 imminentes
657 2638 873 2681 columbis.
905 2640 1126 2682 STANL.

203 2704 299 2758 858.
321 2705 594 2759 θηρεύσοντες]
623 2705 896 2747 Scribendum
918 2707 1148 2759 θηρεύοντες
1167 2723 1218 2748 ex
1240 2708 1296 2749 N.

202 2770 300 2825 859.
331 2771 485 2823 φθόνον
514 2772 558 2812 δὲ
584 2771 778 2823 σωμάτων
805 2773 885 2824 ἕξει
914 2773 1024 2828 θεός]
1050 2774 1085 2814 Ι.
1108 2789 1145 2815 e.
1166 2774 1269 2815 deus
1289 2789 1463 2831 corpora
1482 2775 1608 2833 virgi-

143 2852 244 2878 num
265 2837 468 2879 invidebit
486 2837 580 2878 filiis
600 2839 797 2895 AEgypti.

202 2904 300 2945 860.
322 2903 494 2960 δέξεται]
517 2903 721 2960 Virgines.

194 2972 295 3013 ⁴861.
318 2971 542 3028 δαμέντων]
566 2971 892 3029 Intelligendum
915 2975 1077 3025 ἐκείνων
1098 2976 1303 3033 (AEgypti
1323 2976 1541 3034 filiorum).
