1898 3256
334 247 418 287 120
805 245 1299 288 ANNOTATIONES

395 364 515 404 1017.
538 354 732 408 κεραυνίᾳ]
754 356 939 409 κεραυνίῳ
961 355 1094 395 Viteb.
1118 363 1224 395 recte
1243 354 1426 394 sortasse.

397 432 518 474 1019.
539 421 702 472 πετραία
721 419 751 460 δ’
774 420 940 474 ἇγκάλη]
961 422 1123 474 πετραία
1142 419 1173 460 δ’
1198 420 1350 472 ἀγκάλῃ
1371 419 1472 460 Ald.
1493 419 1605 460 Rob.

398 498 518 526 1021.
547 486 736 537 ἄψορρον,
768 492 1007 526 retrorsum.
1055 486 1244 541 Sophocl.
1273 485 1376 527 OEd.
1402 487 1455 526 T.
1477 498 1573 539 431.
1603 492 1644 525 et
1673 484 1769 525 alibi

337 551 523 602 ἄψορρος.
583 551 824 591 Formatum
858 551 1021 602 videtur
1054 566 1104 591 ex
1145 553 1206 604 ἄψ
1243 559 1353 592 retro
1392 561 1433 591 et
1472 552 1584 602 ὄρρος
1621 550 1767 590 cauda.

339 616 562 657 Scholiasta
581 625 716 656 tamen
739 618 918 657 Venetus
947 618 999 658 ad
1032 619 1085 657 Il.
1109 622 1161 658 H.
1180 630 1278 671 413.
1304 617 1356 658 ab
1376 619 1452 670 ὅρω
1472 618 1622 657 suscito
1642 616 1767 656 ducit.

338 682 561 723 Erotianus
589 696 630 737 p.
655 693 721 734 17,
747 692 810 735 17.
842 683 1004 724 videtui·
1027 683 1185 724 trahere
1211 698 1260 723 ex
1292 684 1505 736 ἀψόρροον,
1533 682 1577 722 τὸ
1606 684 1659 724 εἷς
1685 682 1769 722 τού-

337 749 438 788 πίσω
457 748 559 800 ῥέον.
594 749 823 789 BLOMF.
875 749 956 798 Qui
977 751 1151 802 ἄψορρος
1179 748 1360 804 conjecit.
1411 750 1606 790 Frustra:
1641 748 1768 803 Soph.

338 813 490 854 Electr.
513 824 582 868 53.
603 815 781 866 ἄψορρον
799 815 941 865 ἥξομεν
960 815 1092 856 πάλιν.

395 881 449 934 ἐς]
472 882 526 923 εἰς
545 880 701 934 aliquot
719 880 890 921 codices.
1379 904 1402 925 9

398 957 517 987 1022.
539 946 678 1000 αἰετὸς]
702 945 969 986 Scribendum
991 947 1102 990 ἀετὸς
1121 962 1213 987 cum
1237 948 1432 987 Porsono.

394 1011 570 1066 λάβρως]
592 1011 742 1063 λάβρος
761 1013 871 1052 Α.Β.
892 1011 1042 1067 aliique
1062 1012 1261 1053 nonnulli.

396 1090 519 1129 1024.
555 1078 758 1120 δαιταλεὺς
790 1078 1022 1133 πανήμερος]
1053 1080 1135 1119 Per
1168 1085 1294 1120 totum
1328 1079 1433 1118 diem
1467 1079 1655 1119 conviva.
1687 1092 1770 1118 non

336 1145 511 1185 conviva
539 1143 817 1198 quotidianus,
844 1144 1052 1198 quomodo
1081 1154 1290 1186 verterunt
1317 1144 1570 1199 interpretes.
1599 1143 1769 1198 quibus-

337 1224 430 1249 cum
451 1210 584 1250 facere
601 1209 762 1250 videtur
781 1209 1063 1264 Apollodorus
1079 1225 1118 1266 p.
1139 1225 1209 1263 40.
1230 1211 1296 1251 ed.
1318 1212 1456 1266 Heyn.
1498 1211 1627 1251 Recte
1646 1210 1770 1251 schol.

338 1277 389 1317 B.
404 1274 509 1316 Ἴσθι
529 1277 571 1316 δὲ
591 1276 640 1318 ὡς
660 1277 721 1315 διὰ
741 1275 865 1326 πάσης
884 1278 950 1326 τῆς
968 1276 1110 1328 ἡμέρας
1138 1277 1183 1317 τὸ
1204 1277 1439 1329 Προμηθέως
1467 1277 1570 1329 ἧπαρ
1590 1280 1642 1331 τῷ
1670 1278 1770 1331 ἆετῷ

337 1342 672 1392 βιβρωσκόμενον,
696 1342 959 1393 ἆνεπληροῦτο
987 1342 1109 1383 πάλιν
1135 1344 1254 1391 νυκτὶ,
1276 1343 1337 1383 καὶ
1356 1344 1488 1395 ἄρτιον
1504 1343 1565 1393 ἥν,
1587 1342 1699 1397 quod
1719 1357 1770 1383 ex

340 1407 577 1461 Pherecyde
606 1406 764 1456 didicit,
795 1407 867 1462 qui
895 1407 937 1447 in
966 1408 1144 1448 secundo
1169 1408 1274 1449 libro
1301 1423 1366 1464 ap.
1398 1408 1519 1448 schol.
1552 1408 1592 1448 in
1625 1407 1769 1463 Apoll.

340 1473 477 1513 Rhod.
501 1485 542 1513 2.
568 1486 618 1515 12
620 1482 689 1527 52.
709 1473 779 1522 ait,
801 1474 859 1513 ὅτι
879 1475 900 1513 ὁ
920 1473 1031 1516 ἀετὸς
1054 1473 1192 1524 ἤσθιεν
1210 1477 1276 1524 τῆς
1293 1474 1435 1526 ἡμέρας
1453 1476 1522 1514 τοῦ
1538 1474 1694 1524 ἥπατος·
1725 1474 1769 1514 τὸ

339 1540 382 1579 δὲ
411 1540 646 1590 λειπόμενον
682 1541 815 1590 ηὔξετο
850 1542 915 1590 τῆς
954 1539 1089 1582 νυκτὸς
1128 1539 1190 1580 καὶ
1228 1539 1386 1591 ἐγένετο
1418 1541 1523 1580 ἴσον.
1557 1548 1684 1580 totam
1719 1539 1772 1579 de

339 1605 476 1660 aquila
496 1605 741 1645 Promethea
761 1605 1051 1660 mythologiam
1074 1605 1303 1646 doctissime
1328 1605 1477 1646 ibidem
1498 1614 1635 1646 narrat
1654 1605 1771 1646 scho-

338 1671 464 1712 liasta.
524 1673 584 1712 Et
603 1671 767 1727 quidem
793 1672 945 1712 Noster
972 1671 1013 1711 in
1045 1671 1292 1712 Prometheo
1312 1670 1455 1712 Soluto
1475 1671 1574 1712 dicit
1593 1671 1771 1726 aquilam

341 1738 461 1778 tertio
495 1753 661 1793 quoque
693 1737 760 1778 die
789 1737 1003 1778 advolare:
1034 1737 1086 1777 cf.
1118 1736 1273 1778 Accius
1303 1736 1345 1776 in
1380 1737 1627 1778 Prometheo
1659 1737 1772 1792 apud

343 1804 472 1846 Cicer.
503 1806 632 1845 Tusc.
663 1816 699 1854 2,
726 1817 789 1844 10.
818 1805 918 1844 Jam
948 1805 1068 1844 tertio
1095 1817 1156 1843 me
1184 1817 1338 1859 quoque
1348 1804 1530 1857 funesto
1557 1803 1624 1843 die
1650 1804 1772 1843 Jovis

338 1871 496 1910 satelles
508 1876 639 1925 pastu
660 1870 842 1910 dilaniat
840 1870 958 1923 firo.
988 1872 1180 1921 πανῆμαρ,
1202 1878 1243 1909 et
1261 1868 1494 1920 πανημέριος
1513 1883 1588 1923 pro
1607 1874 1687 1909 toto
1706 1869 1772 1908 die

339 1935 450 1990 apud
472 1937 701 1976 Homerum
729 1946 964 1990 ponuntur;
997 1945 1038 1975 et
1056 1935 1276 1986 πανάμερος
1305 1934 1418 1990 apud
1449 1934 1638 1990 Sophocl.
1663 1935 1769 1974 Tra-

339 2003 445 2043 chin.
467 2004 560 2043 662.
593 2002 704 2058 quod
735 2001 839 2042 male
866 2001 1066 2042 intellexit
1092 2000 1373 2056 Musgravius.
1417 2000 1634 2056 Aristoph.
1661 2001 1770 2041 Ran.

338 2069 436 2123 387.
457 2068 677 2120 πανήμερον
696 2072 845 2109 παῖσαι.
878 2068 1104 2108 BLOMF.

399 2136 520 2176 1026.
540 2132 710 2188 τοιοῦδε]
731 2136 800 2173 τοῦ
820 2136 892 2173 σοῦ
912 2134 954 2173 δὲ
974 2133 1131 2187 aliquot
1149 2132 1270 2173 codd.

395 2199 446 2250 μή
465 2200 521 2255 τι]
541 2199 593 2250 μή
612 2216 672 2239 τοι
692 2200 759 2239 Μ.
778 2208 818 2239 et
840 2208 920 2239 tres
939 2198 1017 2239 alii.

399 2267 520 2308 1028.
541 2265 709 2321 θελήσῃ]
733 2265 894 2316 θελήσει
911 2264 1068 2319 aliquot
1087 2263 1205 2304 codd.
1225 2275 1266 2304 et
1286 2261 1387 2303 Ald.
1408 2262 1518 2303 Rob.

395 2334 450 2375 Εἷς
469 2347 549 2373 om.
575 2333 639 2372 Μ.
753 2355 774 2393 ὃ

395 2399 630 2452 ἀναύγητον]
655 2398 874 2451 ἀναύγητον
893 2397 959 2438 Μ.

399 2477 518 2519 1031.
541 2465 562 2504 ὁ
581 2478 660 2504 0111.
684 2463 840 2518 aliquot
860 2462 979 2503 codd.
1003 2471 1044 2502 et
1062 2460 1163 2503 Ald.
1185 2461 1294 2501 Rob.

402 2543 518 2584 1033.
539 2529 642 2584 δῖον]
666 2528 932 2569 Scribendum
956 2532 1068 2568 Δῖον.

394 2596 520 2651 τελεῖ]
542 2599 672 2635 τελεῖν
691 2594 847 2649 aliquot
865 2593 984 2634 codd.
1004 2602 1044 2634 et
1064 2592 1164 2632 Ald.

398 2663 516 2716 1036.
538 2660 692 2714 ἄκαιρα]
713 2661 905 2712 ἀναγκαῖα
925 2658 1024 2699 Ald-

398 2740 519 2782 1039.
539 2727 689 2781 πείθου]
711 2726 979 2767 Scribendum
1000 2728 1113 2766 πιθοῦ
1133 2739 1183 2764 ex
1203 2730 1401 2778 quattuor
1419 2721 1636 2763 codicibus.

399 2806 518 2844 1040.
540 2809 600 2833 τοι
618 2807 698 2833 om.
719 2791 876 2846 aliquot
895 2791 1016 2832 codd.
1033 2799 1073 2831 et
1093 2790 1201 2830 Rob.

398 2872 519 2913 1043.
541 2857 598 2899 ἐπ’
620 2858 719 2912 ἐμοὶ]
741 2858 808 2899 ἐπί
822 2874 887 2908 μοι
908 2858 974 2899 Μ.
1004 2855 1062 2897 ἐπ’
1083 2869 1164 2896 om.
1187 2855 1272 2896 duo
1290 2853 1410 2895 codd.
1431 2862 1472 2894 et
1492 2853 1592 2894 Ald.
