1898 3256
365 247 448 289 130
832 251 1324 293 ANNOTATIONES

363 359 461 411 πρὸς
474 358 589 412 χρέος
609 361 708 407 τόδε,
725 375 801 416 pro
819 361 922 404 ὅπως
939 361 1122 415 γένοισθε
1142 363 1400 415 ἀσπιδηφόροι
1416 362 1545 402 πιστοὶ
1565 363 1660 415 πρὸς
1677 363 1793 416 χρέος

363 426 463 472 τόδε,
486 435 531 466 ut
553 427 729 466 Eumen.
751 429 846 479 670.
868 429 971 471 ὅπως
990 428 1142 480 γένοιτο
1162 428 1300 471 πιστὸς
1320 430 1359 470 ἐς
1377 428 1421 468 τὸ
1441 432 1519 468 πᾶν
1538 430 1693 482 χρόνον.

421 503 488 532 20.
511 491 713 550 γένοισθε]
735 494 903 546 γένησθε
921 494 1075 549 aliquot
1094 494 1211 534 codd.
1233 503 1273 534 et
1293 493 1394 534 Ald.
1417 495 1549 535 Turn.

420 569 484 608 24.
505 560 652 600 οἰωνῶν
670 560 807 614 βοτὴρ]
831 560 988 601 Latinis
1007 560 1143 601 dictus
1161 559 1241 600 fuit
1261 560 1491 600 Pullarius.
1550 561 1616 600 De
1634 560 1793 600 Tiresia

360 638 518 678 augure
544 624 627 665 vid.
657 626 846 680 Sophocl.
869 626 969 667 OEd.
992 628 1045 666 T.
1066 627 1164 678 488.
1185 625 1334 681 Eurip.
1358 626 1558 667 Phoeniss.
1580 637 1673 680 779.
1696 628 1791 681 852.

361 689 584 730 Pausanias
613 691 746 731 locum
770 692 1009 732 Thebarum
1031 701 1228 732 memorat
1257 694 1558 733 οἷωνοσκοπεῖον
1576 695 1789 745 Τειρεσίου,

359 754 411 795 de
430 770 514 810 quo
536 757 723 811 Sophocl.
748 758 892 813 Antig.
915 772 1009 813 999.
1041 759 1270 799 BLOMF.

417 834 484 876 25.
506 823 550 863 ἐν
570 823 642 863 ὠσὶ
661 825 816 878 νωμῶν]
842 825 1031 879 Sophocl.
1051 825 1154 866 OEd.
1180 826 1283 880 Tyr.
1304 837 1400 879 300.
1416 824 1475 865 Ὦ
1493 825 1620 866 πάντα
1640 829 1788 877 νωμῶν,

357 890 554 940 Τειρεσία,
576 888 732 929 διδακτά
752 906 806 936 τε,
822 889 996 942 Ἀρρητά
1014 890 1058 938 τ’,
1080 891 1241 943 οὖράνιά
1259 908 1313 938 τε,
1337 893 1398 932 καὶ
1417 895 1672 945 χθονοστιβῆ.
1723 893 1790 932 De

358 954 518 996 Tiresia
539 955 757 1010 Spanhem.
779 955 830 996 ad
853 955 1012 996 Gallim.
1034 957 1140 998 LaV.
1162 957 1264 997 Pall.
1286 969 1378 998 121.
1410 959 1638 998 BLOMF.

412 1021 531 1073 πυρὸς
559 1022 667 1075 δίχα]
702 1023 797 1062 Νοη
818 1021 1028 1077 ignispicio
1047 1032 1120 1063 aut
1145 1022 1354 1078 extispicio
1375 1038 1493 1064 usus:
1525 1024 1577 1064 cf.
1600 1023 1788 1078 Sophocl.

357 1087 503 1143 Antig.
534 1089 628 1141 998.
665 1088 887 1143 Euripides
913 1098 1045 1129 tamen
1080 1089 1282 1129 Phoeniss.
1313 1090 1409 1144 998.
1441 1090 1638 1130 Tiresiam
1668 1105 1788 1131 usum

355 1169 440 1194 esse
468 1153 525 1194 ait
560 1155 712 1209 ἐμπύρῳ
751 1156 883 1208 τέχνῃ.
946 1156 1139 1210 Auguria
1170 1155 1356 1196 sumebat
1385 1156 1467 1196 sive
1499 1171 1524 1196 a
1554 1156 1720 1196 vocibus
1748 1166 1788 1198 et

354 1219 509 1261 alarum
540 1219 743 1275 clangore,
765 1221 848 1261 sive
867 1237 916 1262 ex
947 1221 1042 1262 filiae
1059 1221 1342 1277 descriptione,
1364 1222 1476 1277 quod
1506 1222 1563 1263 ait
1593 1222 1717 1263 schol.
1737 1224 1785 1263 B.

355 1287 583 1327 BLOMF.

413 1354 475 1393 26.
507 1353 777 1408 χρηστηρίους]
798 1355 1051 1410 Augu-mles.
1097 1354 1249 1395 Rarius
1277 1354 1538 1409 adjectivum.
1584 1355 1784 1396 Herodot.

353 1420 393 1468 6,
417 1421 482 1460 80.
505 1419 534 1460 ὦ
549 1419 758 1460 Ἀπολλον
777 1419 996 1473 χρηστήριε.
1029 1420 1294 1475 Adjectivum
1317 1431 1377 1462 est
1400 1421 1546 1477 Eurip.
1570 1421 1667 1463 Hel.
1692 1423 1784 1476 829.

352 1486 580 1526 BLOMF.

409 1553 475 1593 28.
495 1551 676 1607 Ἀχαΐδα]
699 1553 966 1594 Scribendum
987 1553 1169 1607 Ἀχαιίδα
1189 1569 1238 1594 ex
1256 1555 1306 1594 Β.
1321 1563 1359 1594 et
1379 1554 1576 1595 Cantabr.
1597 1563 1783 1611 utroque.

350 1618 400 1658 V.
421 1618 471 1658 ad
495 1618 642 1674 Eurip.
667 1620 773 1659 Hec.
793 1621 889 1672 287.
910 1620 1142 1671 προσβολὴν
1162 1619 1286 1661 schol.
1305 1621 1356 1660 B.
1376 1629 1484 1661 recte
1503 1621 1679 1676 explicat
1695 1622 1785 1673 ἐπή-

348 1689 467 1725 λυσιν
485 1688 554 1725 τοῦ
572 1689 649 1726 τῶν
667 1684 857 1738 Ἀργείων
878 1690 1058 1739 στρατοῦ.

408 1763 473 1803 29.
517 1753 852 1806 νυκτηγορεῖσθαι]
895 1753 1034 1794 Noctu
1076 1753 1342 1808 proclamari.
1402 1754 1507 1793 Eur.
1548 1753 1676 1794 Rhes.
1718 1754 1783 1794 88.

341 1815 499 1868 ‘'Em-op,
536 1818 576 1857 τί
606 1820 735 1870 χρῆμα
767 1820 939 1871 νύκτεροι
972 1821 1068 1860 κατὰ
1103 1819 1281 1871 στρατὸν,
1316 1821 1396 1861 Τὰς
1429 1821 1502 1862 σὰς
1539 1819 1635 1871 πρὸς
1674 1820 1786 1863 εὐνὰς

349 1885 522 1935 φύλακες
544 1885 726 1926 ἐλθόντες
746 1885 861 1939 φόβῳ
881 1889 1189 1938 Νυκτηγοροῦσι,
1212 1885 1273 1925 καὶ
1293 1887 1485 1936 κεκίνηται
1505 1887 1692 1938 στρατός;

405 1950 720 2004 κάπιβουλεύσειν]
753 1952 1078 2002 κάπιβουλεύσειν
1098 1951 1236 2006 vulgo.
1288 1953 1528 1992 Correctum
1556 1967 1605 1992 ex
1637 1967 1782 1993 novem

348 2015 556 2056 codicibus
575 2025 616 2056 et
636 2016 859 2058 scholiasta.

404 2095 474 2136 30.
503 2083 630 2124 πύλας
658 2083 937 2137 πυργωμάτων]
967 2088 1101 2124 πυλῶν
1126 2085 1360 2136 πυργώματα
1391 2083 1708 2139 superscriptum
1741 2084 1781 2124 in

350 2148 414 2188 M.
435 2148 487 2188 ab
507 2147 585 2188 alia
606 2163 743 2189 manu.

402 2227 471 2268 31.
503 2214 664 2268 σοῦσθε]
699 2216 840 2256 Ruite.
887 2219 1052 2257 Σοῦσθε.
1094 2219 1164 2263 ἴτε,
1197 2218 1382 2268 ὁρμᾶσθε.
1430 2216 1613 2272 Hesych.
1641 2218 1782 2257 “Ver-

345 2280 488 2329 bum‚”
507 2280 641 2335 inquit
664 2280 912 2322 Valckenaer.
942 2282 984 2322 in
1013 2282 1222 2323 Theocrit.
1243 2283 1446 2323 Adoniaz.
1477 2298 1519 2338 p.
1542 2285 1636 2336 265.
1668 2289 1691 2307 “
1709 2299 1782 2339 per

345 2357 524 2402 quatuor
552 2348 603 2388 de
632 2348 816 2404 quinque
845 2349 1053 2390 vocalibus
1082 2351 1298 2400 variatum,
1331 2350 1426 2397 σάω,
1455 2350 1546 2398 σε’ω,
1569 2352 1662 2398 σόω,
1685 2353 1778 2398 σύω,

345 2416 492 2462 σούειν,
514 2430 564 2455 ex
586 2417 666 2456 σόω
686 2424 839 2465 ortum,
863 2417 1014 2457 Atticis
1036 2417 1122 2472 jam
1143 2416 1222 2457 fuit
1242 2416 1284 2456 in
1305 2431 1405 2457 usu:
1439 2420 1605 2457 σοῦσθαι
1634 2418 1781 2458 nostris

343 2481 383 2521 in
414 2480 527 2521 libris
556 2482 771 2537 reperitur.
832 2483 1103 2538 Sophocleum
1125 2484 1282 2524 σούσθω
1309 2493 1504 2524 memorat
1524 2483 1717 2524 Eustath.
1737 2483 1777 2524 in

345 2547 464 2588 Iliad.
497 2552 546 2588 A.
579 2563 619 2603 p.
650 2559 722 2601 47,
756 2559 819 2602 17.
850 2558 891 2589 et
916 2548 957 2589 in
985 2549 1136 2603 Odyss.
1169 2553 1222 2589 Π.
1257 2564 1300 2604 p.
1323 2562 1422 2604 590,
1451 2551 1521 2603 36.
1554 2564 1602 2589 ex
1640 2549 1780 2604 Ajacis

343 2628 381 2654 v.
422 2627 543 2665 1414.
576 2614 816 2655 adnotatum
858 2615 911 2655 ab
946 2616 1006 2656 H.
1039 2615 1248 2670 Stephano
1284 2616 1409 2656 Thes.
1447 2617 1497 2656 L.
1531 2616 1586 2656 G.
1622 2616 1698 2656 vol.
1733 2629 1776 2670 3.

341 2695 382 2736 p.
404 2682 511 2721 1226
528 2681 584 2721 E.
616 2681 738 2730 Quod
758 2697 808 2722 ex
829 2681 994 2722 duobus
1015 2681 1178 2722 Lexicis
1198 2691 1353 2736 prostat
1373 2682 1484 2737 apud
1506 2682 1777 2737 Hesychium,

344 2750 484 2796 σοῦσο,
507 2746 604 2787 alibi
629 2761 708 2787 non
730 2747 894 2788 memini
921 2762 986 2787 me
1014 2747 1158 2802 legere.
1189 2751 1338 2797 σοΰται,
1360 2747 1470 2802 quod
1501 2748 1638 2798 habet,
1658 2759 1718 2788 est
1735 2748 1777 2788 in

342 2813 532 2868 AEschyli
563 2813 751 2868 Choeph.
772 2815 867 2869 638.
901 2818 1061 2855 σοῦνται
1091 2815 1205 2855 Pers.
1228 2828 1295 2869 25.
1327 2817 1472 2855 σοῦσθε
1505 2813 1648 2869 Suppl.
1680 2815 1776 2869 833,

343 2879 437 2933 839.
461 2880 575 2934 Sept.
595 2895 630 2920 c.
654 2880 790 2920 Theb.
809 2893 878 2934 31.
912 2881 962 2921 In
984 2879 1222 2935 Euripideis
1242 2895 1460 2935 nusquam,
1477 2879 1587 2934 quod
1610 2879 1774 2934 quidem
