1898 3256
314 219 397 262 156
784 221 1276 262 ANNOTATIONES

312 328 361 370 lis
380 330 499 382 ἱερεὺς
515 331 613 382 ἱερία
629 329 748 382 ἱέραξ,
769 345 864 385 quae
890 345 970 370 non
991 327 1257 384 improbabile
1276 336 1336 368 est
1354 327 1407 368 ad
1427 327 1595 367 eandem
1615 326 1745 382 legem

314 410 398 436 esse
417 396 654 446 revocanda,
676 411 785 437 nunc
804 396 905 436 nihil
925 394 1135 436 decerno.''

372 462 529 517 εὐμενῆ]
561 463 634 503 Ab
663 463 821 503 effectu.
858 463 995 514 εὐμενῆ
1024 476 1100 517 pro
1130 459 1407 512 εὐμενιστικὸν,
1434 459 1645 514 placatum
1671 473 1748 514 pro

306 527 550 582 placatoria.
584 529 802 569 STANL.

369 593 594 648 παιάνισον]
628 595 844 635 παιώνισον
874 595 939 634 Μ.
968 594 1024 646 (in
1052 609 1136 649 quo
1164 593 1242 633 alia
1262 607 1406 632 manus
1430 591 1639 632 παιάνισον
1659 605 1746 632 cor-

313 659 448 713 rexit.)
482 670 521 701 et
554 661 695 716 Steph.
757 661 837 701 Sed
871 663 990 701 παιᾶν
1019 670 1059 701 et
1085 661 1285 709 παιανίζω,
1313 659 1385 699 ubi
1416 658 1468 699 de
1493 658 1647 713 hymno
1676 666 1749 698 aut

314 725 488 767 clamore
516 726 669 782 agitur,
691 726 845 781 ubique
875 726 1145 768 scribendum.
1207 727 1379 766 Frustra
1399 733 1494 766 sunt
1515 724 1675 765 Duker.
1696 724 1748 764 ad

317 792 511 847 Thucyd.
539 806 572 842 1,
594 804 663 846 50.
686 793 825 832 Wass.
846 792 944 833 ibid.
969 805 1010 845 7,
1031 806 1099 843 44.
1145 792 1239 833 Vid.
1260 792 1453 833 Valcken.
1477 792 1528 833 ad
1560 791 1685 832 schol.
1706 791 1747 831 in

315 858 463 913 Eurip.
488 858 688 900 Phoe'niss.
712 874 752 914 p.
779 872 871 912 113.
922 859 1028 900 Falli
1054 859 1173 900 etiam
1199 859 1343 914 opinor
1369 858 1665 899 Ruhnkenium
1696 858 1750 898 ad

317 924 467 965 Timaei
488 926 593 966 Lex.
624 941 666 981 p.
691 938 787 980 203.
809 941 943 980 neque
962 926 1068 966 enim
1089 926 1251 966 Atticos
1270 925 1436 966 eandem
1459 940 1598 965 vocem
1627 924 1750 965 modo

316 1006 389 1046 per
420 991 536 1041 hanc,
569 991 690 1032 modo
723 1007 796 1047 per
823 991 930 1032 illam
964 991 1141 1032 vocalem
1171 991 1362 1032 extulisse
1391 991 1643 1032 crediderim.
1696 992 1749 1031 In

317 1059 468 1112 Agam.
490 1071 580 1098 101.
603 1067 710 1098 recte
731 1058 878 1113 legitur
897 1059 1034 1108 παιὼν,
1056 1059 1261 1103 medicum
1293 1057 1363 1098 sed
1382 1057 1423 1097 in
1446 1057 1630 1112 Choeph.
1651 1069 1749 1111 343.

317 1124 474 1179 corrige
491 1124 622 1165 παιάν.
655 1124 820 1165 Obduci
835 1125 1000 1180 quidem
1018 1124 1173 1180 possint
1187 1124 1309 1164 verba
1328 1123 1551 1164 scholiastae
1568 1122 1751 1164 Platonis

315 1206 412 1246 pag.
443 1203 511 1242 44.
541 1190 564 1242 ἢ
584 1191 672 1234 τοὺς
697 1191 935 1244 λεγομένους
965 1195 1154 1241 Παιᾶνας,
1175 1193 1315 1242 ὕμνους
1345 1192 1400 1233 εἷς
1416 1189 1668 1240 Ἀπόλλωνα,
1688 1190 1751 1230 ε’πὶ

318 1259 555 1298 καταπαύσει
581 1263 734 1310 λοιμοῦ,
754 1258 777 1309 ἢ
798 1258 990 1309 Παιήονα,
1012 1258 1081 1299 τὸν
1109 1262 1185 1298 τῶν
1215 1261 1313 1298 θεῶν
1343 1256 1487 1309 ἰατρὸν,
1508 1255 1531 1307 ἢ
1556 1261 1748 1304 Παιῶυας,

317 1325 368 1366 ὡς
389 1327 470 1370 νῦν,
492 1323 591 1378 ᾠδὰς
612 1324 674 1364 ἐπὶ
696 1325 852 1378 εὐτυχία
872 1325 933 1365 καὶ
954 1325 1049 1379 νίκῃ,
1072 1326 1134 1364 διὰ
1153 1326 1221 1364 τοῦ
1240 1329 1268 1363 ὦ
1285 1323 1399 1375 μέγα,
1423 1325 1463 1373 ἐξ
1478 1324 1522 1363 οὗ
1544 1323 1606 1363 καὶ
1621 1326 1750 1362 Παιω-

317 1390 444 1438 νίζειν.
507 1390 586 1430 Sed
606 1390 640 1430 is
660 1390 711 1431 de
733 1406 806 1431 suo
835 1407 923 1432 aevo
950 1391 1146 1446 loquitur.
1205 1390 1343 1431 Facile
1363 1390 1463 1430 dilui
1493 1398 1626 1444 potest
1645 1387 1750 1429 diffi-

317 1457 446 1496 cultas
466 1471 561 1511 quae
579 1471 632 1496 ex
654 1457 870 1498 Herodoto
888 1467 932 1511 5,
957 1471 993 1497 1.
1015 1457 1121 1497 nasci
1141 1456 1340 1497 videatur.
1373 1456 1601 1497 BLOMF.

375 1523 470 1575 269.
492 1521 679 1576 νόμισμα]
703 1524 844 1564 Ritus.
878 1525 1151 1565 Consuetudo.
1184 1523 1330 1578 Eurip.
1355 1523 1451 1578 Iph.
1474 1524 1605 1563 Taur.
1631 1532 1751 1573 1471,

318 1588 531 1643 Aristoph.
556 1589 670 1630 Nub.
693 1602 789 1641 247.
821 1591 1049 1631 BLOMF.

363 1657 519 1697 θυστᾶς
535 1655 625 1706 βοὴ,
650 1657 820 1697 Clamor
838 1658 909 1712 qui
928 1658 975 1696 in
994 1658 1114 1697 rebus
1133 1657 1266 1697 sacris
1285 1657 1453 1697 tollitur.
1477 1654 1652 1695 Casaub.
1686 1654 1753 1693 Ita

321 1721 444 1762 schol.
483 1723 536 1762 A.
574 1723 775 1766 θυστάδος·
810 1726 876 1773 τῆς
913 1725 1018 1775 παρὰ
1048 1727 1131 1766 ταῖς
1163 1724 1313 1765 θυσίαις
1345 1721 1567 1774 γενομένης.
1612 1719 1679 1772 ἀφ’
1709 1719 1754 1770 ἧς

320 1790 445 1829 ἐνίοτε
476 1789 539 1829 καὶ
571 1789 595 1839 ἡ
625 1789 771 1842 βάκχη.
803 1791 982 1840 σημαίνει
1013 1791 1089 1842 γὰρ
1125 1790 1187 1830 καὶ
1220 1792 1346 1838 τοῦτο,
1381 1789 1443 1829 καὶ
1479 1788 1549 1838 τὴν
1581 1787 1752 1838 καθαρὰν

320 1857 480 1905 ἐσθῆτα,
502 1857 550 1897 ὡς
578 1855 664 1908 παρ’
689 1857 888 1908 Εὐριπίδῃ.
935 1855 1117 1911 Hesych.
1150 1855 1364 1898 Θυστάδες.
1397 1856 1541 1906 νύμφαι
1569 1853 1681 1895 τινές.
1713 1854 1753 1892 αἱ

321 1922 463 1971 ἔνθεοι,
486 1923 547 1963 καὶ
566 1922 728 1976 βάκχαι.
788 1925 909 1971 Mox,
932 1924 1104 1965 Θύστας.
1138 1924 1158 1962 ὁ
1190 1922 1312 1973 ἱερεὺς
1339 1923 1443 1972 παρὰ
1473 1921 1610 1972 Κρησί.
1672 1918 1752 1959 Sed

319 1989 396 2028 hoc
417 1989 567 2029 Dorice
597 2005 672 2044 pro
697 1991 846 2041 θύστης.
881 1989 1068 2045 Sophocl.
1090 1989 1237 2043 Antig.
1263 2000 1381 2040 1119.
1412 1986 1602 2028 θυστάδας
1630 1985 1751 2028 λιτάς.

323 2056 551 2095 BLOMF.

380 2133 471 2173 270.
494 2121 698 2175 πολέμιον]
722 2121 990 2162 Scribendum
1011 2122 1208 2171 πολεμίων
1228 2134 1320 2160 cum
1343 2118 1606 2158 Blomfieldo:
1641 2117 1753 2172 quod

322 2187 361 2226 in
392 2186 722 2242 interpretatione
751 2204 824 2228 sua
851 2188 987 2242 posuit
1015 2186 1227 2227 scholiasta
1254 2185 1462 2225 recentior.
1507 2189 1536 2208 ‘⁶
1556 2184 1754 2234 πολεμίων

323 2252 467 2306 φόβον.
488 2260 637 2294 metum
656 2255 703 2294 ob
723 2255 853 2295 hostes
872 2259 1115 2309 conceptum.
1153 2253 1269 2292 1061.
1291 2255 1402 2302 δεῖμα
1421 2255 1603 2292 πολιτῶν.
1633 2250 1753 2290 Thu-

323 2321 415 2376 cyd.
441 2332 480 2373 7,
500 2333 567 2371 42.
590 2321 890 2373 ἀποχρήσασθαι
909 2323 953 2371 τῇ
973 2320 1149 2370 παρούσῃ
1168 2322 1235 2359 τοῦ
1257 2319 1540 2369 στρατεύματος
1561 2316 1752 2366 ἐκπλήξει.

323 2386 352 2426 i.
375 2401 408 2426 e.
438 2393 547 2427 metu
575 2387 622 2427 ob
642 2388 864 2427 eoeercitum
894 2388 982 2441 ejus
1011 2385 1233 2439 concept0.”
1262 2384 1485 2424 BLOMF.
1536 2382 1633 2422 Alia
1653 2382 1754 2423 ratio

323 2469 363 2493 v.
397 2455 491 2494 216.
521 2453 593 2494 ubi
623 2453 813 2503 πολέμιον
833 2452 923 2505 δόρυ
952 2451 1066 2492 alteri
1097 2450 1308 2506 scripturae
1337 2451 1534 2501 πολεμίων
1559 2459 1666 2490 recte
1694 2458 1754 2489 est

324 2519 551 2575 praelatum.

383 2597 477 2639 271.
498 2585 794 2638 πολισσούχοις]
815 2585 1068 2636 πολισούχοις
1087 2582 1183 2623 Ald.
1207 2582 1315 2623 Rob.

384 2662 479 2704 272.
509 2649 766 2704 πεδιονόμοις]
792 2651 875 2697 Qui
893 2663 1055 2704 campos
1075 2655 1224 2689 tuetur.
1277 2648 1477 2688 Stanleius
1495 2648 1591 2688 citat
1607 2647 1751 2702 Vin-gil.

327 2717 479 2771 Georg.
506 2731 542 2766 1,
567 2729 632 2758 21.
655 2718 842 2772 Propert.
873 2728 913 2769 3,
940 2728 1002 2769 13.
1047 2715 1114 2754 De
1144 2715 1286 2766 ἀγορᾶς
1316 2713 1538 2757 ἐπισκόποις
1566 2714 1649 2754 vid.
1683 2715 1754 2754 So-

325 2783 459 2837 phocl.
482 2782 584 2823 OEd.
608 2784 711 2838 Tyr.
737 2784 829 2822 161.
852 2781 1017 2821 Albert.
1038 2780 1090 2820 ad
1113 2780 1296 2835 Hesych.
1320 2795 1357 2820 v.
1377 2779 1581 2832 Ἀγοραῖος
1598 2779 1750 2831 Ἑρμῆς.

326 2849 484 2890 Polluc.
505 2862 540 2898 1,
556 2862 622 2904 23.
639 2847 1226 2901 θεοὶ-πολιοῦχοι-ἆγοραῖοι,
1259 2847 1354 2889 Ζεὺς
1373 2847 1555 2899 ἀγοραῖος
1574 2847 1749 2886 Eumen.
