1898 3256
355 237 444 279 AD
477 237 732 281 SEPTEM
764 220 1097 280 ADVERSUS
1129 237 1400 278 THEBAS.
1532 235 1618 280 159

149 350 379 401 confirmat,
409 350 611 408 templum
643 349 733 392 Pici
763 348 923 406 antiqui
955 348 1204 390 Latinorum
1232 348 1341 405 regis
1373 347 1514 405 spoliis
1543 347 1615 388 ho-

151 416 274 458 stium
296 427 488 459 ornatum
509 417 768 460 describens:

266 486 489 543 Multaque
503 492 713 543 praeterea
732 486 867 527 sam-is
884 486 931 526 in
945 484 1138 539 postibus
1157 498 1282 525 arma

265 555 423 610 captivi
439 554 621 610 pendent
640 568 808 601 currus,
828 566 1047 609 curvaque
1065 565 1229 594 secures

268 627 307 662 et
325 622 465 663 cristae
485 623 684 678 capitum,
705 627 743 663 et
756 627 982 678 portarum
1002 621 1197 678 ingentia
1217 621 1405 661 claustra

266 690 517 746 spiculaque,
538 689 763 746 ckypeique,
781 695 1001 746 ereptaque
1020 696 1161 730 rostra
1181 690 1354 730 carinis.

154 757 215 798 Et
252 756 305 798 de
346 759 542 809 Sesostre,
581 756 866 813 antiquissimo
905 757 1208 814 AEgyptiorum
1260 772 1372 813 rege,
1408 757 1482 813 qui
1521 768 1616 814 post

152 842 301 869 novem
321 842 521 869 annorum
543 827 860 884 expeditionem,
883 843 967 884 qua
986 827 1132 869 Asiam
1162 827 1326 883 subegit
1346 843 1509 870 omnem
1534 844 1616 870 una

152 910 247 937 cum
268 905 385 952 parte
403 896 604 952 Europae,
626 895 812 937 excitatis
832 895 988 952 ubique
1012 894 1291 936 monumentis
1319 895 1507 951 gentium
1529 912 1554 938 a
1575 912 1617 938 se

153 963 423 1013 devictarum,
453 962 702 1020 amplissima
733 980 827 1006 cum
858 963 1004 1020 praeda
1032 964 1203 1005 domum
1231 963 1416 1015 revertit,
1439 964 1616 1006 Diodor.

158 1045 194 1082 Ι,
214 1041 284 1087 55.
306 1033 354 1072 τὰ
371 1033 446 1083 μὲν
468 1033 553 1084 ἱερὰ
571 1031 702 1073 πάντα
720 1035 769 1074 τὰ
789 1031 871 1074 κατ’
894 1034 1096 1086 Αἴγυπτον
1116 1033 1340 1086 ἀξιολόγοις
1370 1033 1434 1074 καὶ
1454 1034 1617 1077 σκύλοις

156 1100 366 1151 ἐκόσμησε.
401 1100 623 1141 STANL.

213 1167 361 1221 δόμοις]
393 1168 527 1218 νόμοις
546 1168 601 1208 Ε.
650 1167 702 1208 In
724 1181 846 1207 versu
866 1175 960 1222 post
981 1165 1070 1207 haec
1091 1167 1218 1208 verba
1237 1167 1456 1209 inserendo
1476 1168 1616 1223 στέψω

153 1234 230 1287 πρὸ
251 1238 369 1282 ναῶν,
390 1236 590 1286 πολεμίων
611 1234 826 1286 ἐσθήματα,
848 1249 928 1275 non
962 1235 1066 1275 male
1087 1235 1266 1277 Bothius
1292 1237 1488 1290 προνάων.
1519 1253 1616 1294 quae

155 1312 290 1344 tamen
322 1317 403 1343 non
434 1302 658 1344 necessaria
678 1301 854 1343 mutatio
878 1313 951 1344 est.
1016 1302 1212 1345 Similiter
1230 1304 1345 1360 apud
1366 1305 1613 1361 Euripidem

155 1370 245 1412 Ion.
278 1381 344 1426 79.
376 1371 428 1414 ὣς
452 1370 528 1423 πρὸ
561 1373 658 1412 ναοῦ
685 1373 849 1423 λαμπρὰ
877 1372 926 1427 θῇ
961 1372 1177 1423 πυλώματα
1211 1371 1364 1424 δάφνης
1395 1373 1615 1425 κλάδοισιν,

154 1438 442 1481 Wakefieldus
482 1438 655 1492 προνάου
689 1438 839 1494 corrigi
874 1438 1056 1489 volebat,
1098 1439 1170 1480 sed
1207 1440 1381 1495 vulgata
1410 1440 1616 1498 scriptura

153 1506 394 1549 defenditur
422 1522 542 1548 versu
579 1519 670 1560 129.
704 1508 830 1548 καλόν
858 1524 907 1560 γε
938 1507 1009 1548 τὸν
1042 1509 1181 1557 πόνον,
1213 1507 1243 1549 ὦ
1273 1513 1416 1561 Φοῖβε,
1446 1511 1513 1552 σοὶ
1541 1511 1616 1564 πρὸ

154 1576 284 1627 δόμων
302 1575 491 1628 λατρεύω,
513 1578 633 1626 τιμῶν
651 1579 838 1626 μαντεῖον
859 1575 990 1628 ἕδραν.

213 1643 415 1695 πολεμίων
444 1641 661 1696 ἐσθήματα]
698 1642 884 1684 Mortuis
914 1642 1044 1699 spolia
1073 1643 1292 1685 detrahere
1321 1644 1460 1686 Graeci
1489 1649 1619 1688 συλᾶν

156 1708 322 1765 proprie
342 1708 502 1750 dicunt.
536 1709 665 1749 Hom.
688 1708 811 1750 Iliad.
834 1713 883 1759 K,
904 1710 1003 1764 387.

266 1776 327 1818 'H
347 1793 436 1817 τινα
456 1775 643 1826 συλήσων
664 1777 810 1817 νεκύων
832 1778 1194 1824 κατατεθνειώτωνς

159 1846 247 1887 ἀντὶ
266 1847 335 1885 τοῦ
355 1844 542 1890 ἐκδύσων,
567 1845 664 1884 κατὰ
683 1844 774 1886 τοὺς
792 1846 999 1892 παλαιούς,
1023 1854 1070 1885 ut
1091 1844 1226 1900 inquit
1249 1844 1511 1888 Eustathius.
1550 1845 1618 1886 Ita

158 1915 277 1968 συλᾷ,
301 1914 438 1954 ἐκδύει.
497 1912 558 1952 Et
576 1925 720 1951 rursus
739 1915 878 1959 σ-υλᾶν,
901 1915 1086 1965 γυμνοῦν.
1139 1913 1228 1953 Nec
1256 1912 1424 1955 aliunde
1456 1913 1619 1954 Latinis

157 1983 360 2029 Exuviae,
381 1978 497 2035 quasi
513 1978 566 2020 ab
586 1979 772 2020 exuendo
791 1979 925 2021 dictae.
977 1980 1195 2022 Claudian.
1216 1982 1287 2036 36,
1307 1983 1406 2036 348.
1428 1982 1500 2023 hos
1519 1996 1616 2023 one-

157 2055 229 2091 rat
249 2062 387 2090 ramos
406 2053 557 2088 eoeutns
580 2046 756 2102 Ophion,
778 2046 804 2088 i.
824 2063 859 2088 e.
882 2047 1044 2089 exuviae
1065 2048 1284 2105 Ophionis.
1320 2050 1538 2090 STANL.

211 2118 306 2158 280.
336 2115 628 2170 ποιφύγμασιν]
662 2116 707 2155 Α
736 2117 963 2169 ποίφυσσω,
986 2117 1187 2158 violenter
1204 2120 1385 2173 exspiro.
1417 2133 1513 2173 quae
1535 2133 1614 2159 vox

156 2185 374 2232 formatur,
396 2182 438 2223 ni
467 2182 599 2232 fallor,
620 2198 646 2224 a
675 2198 775 2224 sono
798 2190 898 2238 ποιφ
920 2184 1120 2241 (Anglice
1145 2187 1268 2242 pvgff)
1290 2200 1412 2241 quem
1434 2185 1617 2242 explosae

158 2253 300 2294 buccae
321 2250 463 2292 edunt.
524 2251 672 2291 Minus
697 2262 806 2292 recte
826 2252 1075 2294 Eustathius
1095 2253 1209 2295 ducit
1228 2269 1253 2294 a
1273 2254 1429 2307 φυσάω.
1476 2255 1615 2297 Schol.

159 2319 359 2362 Nicandr.
383 2319 578 2360 Theriae.
600 2335 697 2376 pag.
723 2333 788 2375 13.
809 2321 854 2361 τὸ
876 2322 919 2362 δὲ
938 2323 1181 2373 ποιφύσσειν
1200 2328 1416 2378 πολλαχῶς
1436 2323 1616 2376 λέγεται.

159 2389 223 2430 καὶ
251 2389 347 2430 ποτὲ
375 2389 450 2439 μὲν
481 2388 544 2428 ἐπὶ
570 2391 639 2428 τοῦ
671 2390 876 2441 ἐκφοβεῖν,
905 2390 956 2432 ὡς
982 2391 1160 2443 Σώφρων
1188 2392 1232 2431 ἐν
1260 2392 1419 2442 Μίμοις,
1446 2393 1617 2432 Παιδικὰ

157 2456 372 2508 ποιφύξεις·
403 2456 499 2495 ποτὲ
529 2457 571 2496 δὲ
606 2456 670 2496 ἐπὶ
703 2459 771 2496 τοῦ
801 2460 930 2506 πνεῖν,
962 2458 1013 2500 ὡς
1048 2458 1268 2510 Εὐφορίων·
1302 2459 1484 2510 Ζεφύρου
1513 2457 1617 2510 μέγα

159 2524 436 2575 ποιφύξαντος.
467 2523 512 2563 τὸ
544 2523 586 2564 δὲ
615 2524 925 2576 ποιφύσσοντος,
948 2525 1161 2577 (Theriac.
1185 2527 1296 2579 180.)
1330 2526 1418 2566 ἀντὶ
1446 2529 1515 2565 τοῦ
1545 2531 1618 2577 φυ-

161 2594 322 2632 σῶντος.
374 2589 557 2630 Verbum
593 2589 845 2645 exquisitum
879 2601 965 2638 est;
997 2591 1175 2647 ideoque
1202 2592 1255 2633 ab
1289 2591 1507 2646 2²Eschylo,
1543 2594 1617 2633 So-

159 2657 333 2713 phrone,
374 2657 658 2714 Euphorione,
700 2657 926 2708 Nicandro,
967 2659 1262 2715 Lycophrone,
1300 2660 1434 2712 (180.)
1473 2659 1616 2700 talium

159 2739 307 2765 vocum
330 2724 611 2775 sectatoribus,
635 2736 896 2781 usurpatum.
948 2726 1099 2767 Utitur
1118 2727 1264 2782 Anyte
1293 2741 1358 2781 ap.
1383 2726 1555 2768 Suidam
1576 2727 1617 2770 in

161 2807 274 2840 voce,
297 2791 349 2832 de
368 2792 574 2848 delphine,
594 2792 840 2844 περικαλλέα
857 2793 974 2846 χείλη
995 2795 1197 2846 Ποιφύξω.
1230 2794 1462 2835 BLOMF.

218 2859 314 2900 281.
335 2860 390 2913 τι]
414 2876 475 2900 τοι
495 2859 596 2900 Ald.
619 2859 731 2900 Rob.

219 2927 315 2966 282.
349 2926 379 2967 δ’
415 2926 496 2983 ἐπ’]
535 2926 808 2968 Scribendum
842 2926 886 2966 δέ
919 2925 980 2978 γ’;
1027 2927 1141 2982 quod
1175 2927 1278 2969 vidit
1313 2944 1545 2987 anonymus
1577 2931 1618 2973 in

158 2993 342 3049 margine
359 2993 605 3050 exemplaris
624 2994 771 3035 Aldini
792 2993 906 3050 apud
929 2994 1181 3036 Burtonum.
