1898 3256
300 221 387 261 212
777 222 1269 264 ANNOTATIONES

300 339 477 372 mutasse
507 331 777 373 Schneiderus
806 332 846 372 in
876 331 954 373 lex.
977 333 1053 372 Gr.
1079 346 1172 387 app.
1200 346 1240 386 p.
1262 331 1359 385 689.
1386 330 1588 386 opinatur,
1613 331 1730 386 cujus

300 405 436 437 tamen
474 396 675 453 opinionis
711 398 866 454 justam
905 397 1099 439 rationem
1138 397 1336 438 desidero.
1385 397 1589 447 πάνδοκος,
1628 397 1730 438 sicut

299 477 437 520 rapa-v
461 465 607 514 Oreus,
634 479 702 520 ap.
723 466 872 505 Horat.
894 465 1030 505 Carm.
1055 476 1091 514 2,
1113 464 1179 513 18,
1199 476 1267 518 30,
1298 463 1396 518 quia
1422 478 1561 504 omnes
1588 463 1728 504 eodem

298 538 529 584 coguntur;
563 530 738 586 denique
758 530 922 583 ἀφανὴς,
937 530 1139 585 pallidus,
1160 530 1445 580 tenebricosa-9,
1465 529 1519 570 ob
1538 538 1730 570 aeternam

299 596 397 636 Orci
415 596 643 652 caliginem.
676 598 805 638 SCH.

355 662 451 716 857.
491 664 564 703 τὰν
602 663 773 704 ἄστονον
808 662 1077 715 μελάγκροκον
1115 662 1334 703 ναύστολον
1374 661 1566 715 (ἄστολον
1597 661 1729 714 Rob.)

298 730 477 783 θεωρίδα]
503 730 663 770 Locum
685 729 795 771 hunc
818 740 859 770 et
888 737 1127 784 corruptum
1158 737 1199 769 et
1225 728 1512 782 interpolatum
1544 742 1623 768 non
1653 727 1731 767 levi

297 794 531 848 conjectura
563 794 767 850 suspicor:
814 795 928 851 quod
961 794 1067 836 enim
1101 810 1175 835 nos
1213 794 1316 835 duos
1350 793 1565 834 versiculos
1601 794 1732 834 facere

298 858 486 909 solemus,

636 932 707 971 τᾶν
727 931 897 972 ἄστονον
915 931 1182 984 μελάγκροκον

637 998 858 1038 ναύστολον
878 999 1052 1050 θεωρίδα,

297 1110 366 1135 eos
395 1095 438 1134 in
468 1109 596 1135 unum
621 1104 740 1136 vetus
770 1104 992 1136 metrorum
1014 1095 1203 1152 AEschyli
1232 1096 1467 1137 observator
1494 1096 1731 1152 compingit,

297 1175 351 1201 sc.
372 1160 583 1211 iambum3
614 1161 687 1217 qui
715 1171 823 1202 recte
852 1161 1018 1217 quidem
1043 1162 1242 1203 constabit
1269 1162 1302 1203 si
1323 1164 1543 1203 ναύστολον
1561 1163 1732 1204 sustule-

297 1226 378 1274 ris;
410 1242 534 1282 quam
564 1243 642 1283 ego
667 1243 803 1269 vocem
830 1227 995 1268 omnino
1016 1228 1078 1269 vel
1099 1243 1149 1269 ex
1169 1229 1351 1284 margine
1371 1229 1434 1269 vel
1454 1229 1648 1270 linearum
1671 1230 1731 1269 in-

298 1293 470 1334 terstitio
494 1293 535 1333 in
562 1302 719 1334 textum
751 1293 955 1349 irrepsisse
977 1293 1133 1348 judico,
1157 1302 1300 1349 utpote
1327 1294 1729 1349 interpretamentum

297 1359 386 1414 ejus
423 1359 547 1408 vocis,
580 1375 704 1415 quam
741 1374 849 1400 nunc
888 1360 1058 1400 ἄστονον
1091 1359 1278 1415 legimus,
1314 1359 1383 1401 sed
1415 1360 1529 1415 prius
1560 1361 1732 1401 ἄστολον

295 1425 522 1480 legebatur,
542 1425 682 1466 saltem
703 1425 771 1466 ille
790 1425 847 1466 ita
866 1425 1040 1480 legebat,
1060 1425 1133 1480 qui
1158 1427 1376 1466 ναύστολον
1396 1425 1529 1481 primo
1558 1437 1603 1466 ut
1627 1426 1733 1480 glos-

297 1507 407 1533 sema
439 1492 611 1533 addidit.
672 1491 805 1532 Schol.
835 1491 1001 1532 Arund.
1032 1491 1214 1538 ἄστονον,
1244 1491 1329 1542 ἤτοι
1359 1491 1678 1540 κακοστένακτον,
1708 1492 1732 1544 ἢ

296 1559 469 1598 ἄστολον
485 1558 548 1598 καὶ
566 1561 686 1600 κακῶς
701 1557 955 1608 ἐσταλμένον.
979 1557 1198 1597 STANL.
1229 1559 1448 1598 ναύστολον
1466 1557 1733 1610 μελάγκροκον

297 1624 462 1676 θεωρίδα
480 1638 529 1663 ex
551 1623 592 1664 h.
607 1623 636 1664 l.
657 1622 756 1663 citat
772 1623 957 1663 Thomas
977 1623 1040 1663 M.
1063 1638 1095 1663 s.
1117 1638 1156 1664 V.
1178 1625 1331 1676 θεωρός.
1373 1625 1480 1664 Vera
1499 1624 1626 1665 totius
1644 1639 1731 1664 ver-

298 1704 368 1730 sus
387 1689 589 1744 scriptura
609 1688 770 1730 videtur

522 1775 595 1814 τῖιν
615 1774 835 1814 ναύστολον
854 1771 1122 1824 μελάγκροκον
1142 1773 1319 1825 θεωρίδα.

297 1858 518 1899 ναύστολον
545 1854 759 1896 scholiasta
787 1854 1078 1909 interpretatur
1106 1854 1177 1904 τὴν
1206 1854 1420 1907 διάγουσαν
1448 1855 1535 1898 τοὺς
1565 1857 1730 1908 νεκρούς.

298 1923 441 1978 Hujus
460 1921 649 1977 adjectivi
669 1920 947 1976 dittographia
962 1920 1125 1961 videtur
1144 1921 1314 1961 ἄστονον
1333 1920 1416 1961 sive
1436 1922 1618 1962 ἄστολον.

355 1990 452 2043 859.
471 1988 661 2029 ’πόλλωνι
681 1986 887 2027 Pauwius.
947 1986 1065 2027 Libri
1085 1985 1203 2041 plene
1221 1985 1460 2028 Ἀπόλλωνι.

354 2055 537 2108 ἀνάλιον]
562 2056 657 2094 Hoc
687 2052 1004 2108 praecedentium
1030 2052 1243 2093 verborum
1272 2054 1345 2093 τᾶν
1374 2054 1518 2104 ἀστιβῆ
1544 2052 1732 2094 ’πόλλωνι

296 2121 499 2176 glossema
518 2135 604 2160 esse
624 2119 787 2160 videtur
808 2118 1062 2159 Blomfieldo.

353 2187 557 2232 πάνδοκος,
582 2186 730 2225 Omnes
750 2185 964 2239 recipiens.
1010 2183 1129 2223 Dixit
1150 2182 1359 2238 Lycophr.
1381 2184 1476 2236 655.
1498 2181 1732 2235 Πρόπαντας

298 2253 415 2303 Αἵδης
440 2251 651 2293 πανδοκεὺς
674 2250 918 2302 ἆγρεύσεται.
948 2248 1022 2304 qui
1041 2263 1180 2289 versus
1209 2248 1374 2288 mirifice
1403 2248 1615 2288 confirmat
1642 2264 1730 2289 cor-

296 2318 531 2366 rectionem,
551 2330 677 2371 quam
696 2330 746 2356 ex
769 2315 1019 2371 Etymologo
1038 2315 1216 2370 quodam
1241 2328 1398 2355 mecum
1419 2314 1731 2355 communicavit

299 2383 576 2432 Gaisfordius,
595 2382 637 2422 in
658 2380 798 2422 Nostri
826 2381 973 2437 Suppl.
997 2395 1010 2422 1
1018 2392 1043 2435 5
1046 2391 1088 2435 5.
1120 2382 1203 2422 Τὸν
1224 2380 1392 2433 Ζαγρέα,
1414 2380 1497 2421 Τὸν
1515 2382 1731 2430 πολυξενώ-

297 2466 415 2491 τατον
444 2452 553 2500 Ζῆνα
580 2452 656 2490 τῶν
685 2446 937 2499 κεκμηκότων,
968 2447 1020 2487 de
1049 2461 1132 2501 quo
1161 2446 1321 2503 plenius
1349 2460 1467 2500 agam
1501 2445 1554 2486 ad
1583 2445 1728 2486 locum.

298 2516 426 2558 Pluto
454 2515 604 2556 dicitur
627 2513 874 2564 Πολυδέκτης
901 2513 1116 2554 Homerid.
1145 2514 1305 2568 Hymn.
1325 2513 1460 2553 Cerer.
1483 2525 1522 2566 9.
1546 2511 1617 2552 ubi
1638 2511 1730 2552 vide

299 2581 522 2623 Ruhnken.
564 2581 632 2622 Cf.
653 2579 836 2621 Glossar.
861 2579 914 2619 ad
936 2579 1145 2620 Prometh.
1167 2591 1259 2634 159.
1301 2577 1489 2633 Sophocli
1511 2577 1552 2617 in
1575 2577 1730 2619 Inacho

297 2648 564 2690 diversorium
595 2655 763 2688 vocatur
791 2643 982 2688 πάνδοκος
1014 2644 1254 2695 ξενόστασις,
1285 2643 1398 2700 quod
1428 2643 1553 2698 vulgo
1585 2647 1726 2685 πανδο-

298 2719 417 2762 κεῖον,
451 2723 494 2755 et
531 2713 645 2770 apud
684 2722 866 2754 nostrum
902 2710 1009 2763 δόμοι
1040 2709 1225 2752 πάνδοκοι
1258 2710 1380 2761 ξένων
1412 2709 1598 2765 Choeph.
1632 2711 1728 2751 660.

297 2779 559 2836 Antiphanes
577 2778 726 2820 alicubi
744 2778 857 2834 apud
877 2777 1127 2818 Athenaeum
1141 2777 1295 2818 Orcum
1315 2786 1433 2817 vocat
1453 2778 1727 2828 καταγωγεῖον.

298 2845 522 2887 Ruhnken.
545 2847 627 2901 Ep.
650 2845 751 2886 Crit.
775 2857 812 2886 2.
832 2859 875 2900 p.
894 2844 988 2885 286.
1008 2858 1060 2884 ex
1081 2843 1281 2899 Sophocle
1299 2841 1477 2883 enotavit
1495 2842 1612 2893 λίμνη
1631 2858 1729 2893 παγ-

298 2927 423 2954 κοινος
449 2913 581 2962 Αἴδου,
612 2921 652 2952 et
679 2912 796 2961 Αἵδης
825 2909 963 2953 κοινός.
994 2911 1182 2964 Propert.
1212 2922 1256 2962 3,
1288 2910 1352 2958 16,
1385 2920 1450 2960 24.
1480 2907 1727 2949 Scamlenda
