1898 3256
349 187 434 227 252
820 189 1312 231 ANNOTATIONES

352 305 421 336 tur
450 295 634 351 neglecta
662 306 753 352 post
778 298 993 339 secundam
1019 297 1227 353 dipodiam
1255 312 1435 339 caesura:
1467 297 1586 352 cujus
1612 297 1784 338 alterum

351 360 403 402 de
423 362 585 417 tragicis
604 363 837 419 exemplum
859 374 919 405 est
938 364 1048 420 apud
1073 364 1199 420 Soph.
1222 363 1397 405 Philoct.
1418 377 1535 416 1402.

465 433 517 469 N.
541 431 576 470 εἰ
595 433 701 470 δοκεῖ
717 431 946 484 στείχωμεν.
1005 433 1055 471 Φ.
1077 429 1106 470 ὦ
1126 435 1311 482 γενναῖον
1331 430 1486 483 εἰρηκὼς
1505 431 1609 473 ἔπος.

353 495 498 535 Minus
518 505 673 536 certum
695 496 908 552 Euripidis
927 507 987 537 est
1009 495 1145 552 Iphig.
1170 495 1272 536 Aul.
1295 509 1416 551 1391.

406 562 702 617 ταῦτα-πάρα]
729 564 889 604 Locum
910 563 966 604 sic
988 572 1120 603 vertas
1139 564 1315 618 Propter
1332 563 1422 604 haec
1441 564 1595 619 dupleoe
1618 562 1719 602 mihi
1738 563 1786 602 in

349 635 480 669 mente
499 635 558 670 est
576 630 798 684 ineffabilis
815 631 1043 680 solicitudo,
1065 635 1111 670 ut
1130 644 1202 670 nec
1220 644 1342 685 opum
1370 630 1668 670 abundantiam
1696 630 1787 669 sine

351 697 457 736 viris
477 695 628 736 honore
641 698 838 752 prosequi
859 698 1089 753 contingat,
1111 710 1212 736 neve
1239 697 1369 746 nobis,
1389 698 1480 737 Sine
1500 697 1644 752 opibus
1672 696 1788 736 relic-

349 762 417 811 tis,
447 762 493 801 id
524 762 680 802 decoris
713 763 929 818 qffulgeat,
962 763 1113 804 scilicet
1141 770 1298 819 quanta
1333 764 1399 804 vis
1432 764 1642 804 hominum
1671 763 1786 803 nobis

348 833 554 883 suppetat.
587 829 816 869 BLOMF.

410 894 502 934 168.
524 895 622 947 ἀμφὶ
644 893 674 935 δ’
697 896 915 947 ὀφθαλμοῖς
944 896 1088 950 φόβος]
1125 897 1236 938 Duae
1256 897 1307 938 de
1334 897 1411 939 hoc
1439 897 1529 938 loco
1558 906 1719 938 exstant
1743 896 1786 936 in

349 959 509 1001 scholiis
529 960 824 1010 annotationes,
844 961 971 1002 altera
989 961 1093 1012 haec,
1115 963 1200 1003 ἔστι
1218 965 1294 1016 γὰρ
1313 965 1403 1015 ἡμῖν
1421 967 1589 1006 πλοῦτος
1608 962 1787 1015 ἆμεμφῆς

349 1028 412 1067 καὶ
432 1028 616 1079 ἄφθονος,
639 1028 865 1079 δεδοίκαμεν
885 1029 927 1068 δὲ
948 1030 1011 1069 διὰ
1030 1028 1074 1068 τὸ
1093 1028 1145 1079 μὴ
1172 1029 1280 1081 ἔχειν
1299 1030 1452 1082 ἄνδρας·
1483 1029 1692 1082 ὀφθαλμὸν
1710 1031 1787 1082 γὰρ

349 1095 411 1134 καὶ
440 1098 523 1147 φῶς
551 1094 621 1145 τὴν
646 1097 715 1134 τοῦ
742 1095 933 1135 δεσπότου
961 1096 1179 1147 παρουσίαν
1203 1096 1354 1146 νομίζω.
1384 1095 1525 1146 altera,
1545 1096 1667 1150 ἤγουν
1687 1097 1787 1149 ἀμφὶ

348 1164 401 1216 τῷ
443 1161 580 1216 Ξέρξῃ·
623 1162 832 1214 ὀφθαλμὸν
869 1164 944 1215 γὰρ
985 1164 1134 1204 ἐκεῖνον
1173 1167 1297 1203 καλεῖ.
1356 1162 1555 1203 Absurda
1596 1172 1786 1218 utraque.

349 1228 479 1268 Recte
509 1227 708 1269 intellexit
742 1228 997 1278 Schuetzius,
1032 1231 1185 1270 circum
1219 1231 1356 1271 oculos
1384 1244 1490 1271 meos
1522 1232 1658 1271 timor.
1719 1229 1785 1270 Sic

349 1294 497 1350 Eurip.
530 1294 667 1350 Iphig.
694 1297 750 1335 A.
783 1305 904 1349 1127.
937 1297 989 1339 ὥς
1017 1313 1083 1347 μοι
1116 1296 1260 1338 πάντες
1294 1298 1348 1339 εἷς
1379 1296 1422 1337 ἓν
1455 1297 1566 1347 ἥκετε
1592 1297 1786 1348 σύγχυσιν

350 1361 506 1414 ἔχοντες
526 1362 589 1402 καὶ
607 1361 806 1414 ταραγμὸν
827 1362 1019 1413 ὀμμάτων.
1080 1364 1211 1412 Quem
1242 1362 1377 1403 locum
1399 1362 1649 1418 comparavit
1671 1361 1785 1403 seid-

347 1427 468 1468 lerus.

409 1496 503 1549 169.
525 1495 832 1548 ὄμμα-δόμων]
855 1496 907 1535 In
925 1495 1109 1550 Choeph.
1128 1508 1224 1549 932.
1256 1496 1420 1535 Orestes
1440 1495 1590 1535 dicitur
1604 1494 1785 1548 Ὀφθαλ-

348 1561 418 1613 μὸς
446 1564 571 1602 οἴκων.
622 1561 771 1617 Eurip.
798 1561 1002 1602 Androm.
1028 1562 1125 1612 406.
1155 1562 1225 1604 Εἷς
1253 1566 1344 1604 παῖς
1373 1560 1428 1602 ὅδ’
1462 1562 1511 1613 ἦν
1539 1578 1606 1613 μοι
1633 1562 1784 1609 λοιπὸς,

348 1628 553 1680 ὀφθαλμὸς
571 1629 676 1679 βίου.
713 1627 904 1683 Sophocl.
926 1628 1029 1669 OEd.
1053 1629 1106 1668 T.
1129 1629 1224 1682 987.
1247 1628 1322 1668 Καὶ
1340 1628 1416 1679 μὴν
1434 1627 1557 1681 μέγας
1575 1627 1611 1680 γ’
1633 1629 1784 1680 ὀφθαλ-

346 1694 419 1745 μὸς
452 1696 490 1735 οἱ
518 1694 663 1746 πατρὸς
694 1693 823 1746 τάφοι.
874 1694 1043 1735 Pindar.
1075 1694 1141 1735 Ol.
1173 1707 1210 1744 2,
1242 1696 1308 1735 16.
1339 1693 1464 1747 Ἱερὸν
1494 1694 1616 1748 ἔσχον
1647 1695 1785 1745 οἴκημα

347 1764 533 1812 ποταμοῦ,
557 1763 735 1804 Σικελίας
763 1762 793 1800 τ’
816 1761 914 1802 ἔσαν
934 1763 1150 1814 ὀφθαλμός.
1197 1761 1263 1802 Ol.
1283 1763 1324 1811 6,
1348 1773 1414 1815 27.
1442 1760 1582 1802 Ποθέω
1602 1764 1784 1813 στρατιᾶς

345 1826 582 1880 Ὀφθαλμὸν
603 1829 706 1878 ἐμᾶς.
769 1827 971 1867 Stanleius
991 1836 1198 1883 comparat
1219 1827 1355 1869 Plaut.
1378 1827 1571 1868 Pseudol.
1596 1841 1632 1876 Ι,
1656 1840 1694 1877 2,
1713 1828 1782 1878 46.

353 1895 396 1935 U
395 1895 435 1935 bv:
460 1895 532 1935 isti
551 1899 649 1934 sunt
673 1894 819 1949 quibus
841 1907 910 1934 vos
938 1894 1044 1934 oculi
1068 1895 1180 1943 estis,
1202 1895 1347 1950 quibus
1375 1896 1480 1944 vita,
1501 1895 1647 1950 quibus
1666 1895 1784 1934 Deli-

345 1963 420 2002 ciae
437 1962 535 2002 estis
549 1962 568 2000 .9
600 1961 829 2001 BLOMF.

406 2042 419 2067 1
432 2038 497 2080 71.
519 2027 686 2080 γένεσθε
707 2027 828 2067 Β.Μ.
859 2027 1020 2079 γίνεσθε
1040 2026 1177 2082 vulgo.

400 2094 595 2150 γηραλέα]
631 2093 918 2142 Scribendum,
939 2093 1004 2133 vel
1029 2092 1384 2148 pronunciandum
1405 2101 1526 2141 certe,
1549 2096 1713 2145 γηραλᾶ,
1735 2102 1783 2133 ut

345 2160 519 2214 ἀργαλέη
548 2160 590 2200 in
623 2161 775 2212 ἀργαλῆ
801 2169 861 2199 est
883 2167 1161 2199 contractum:
1193 2158 1244 2199 de
1274 2174 1358 2214 quo
1387 2159 1472 2200 dixi
1501 2159 1542 2199 in
1565 2159 1783 2201 Thesauro

347 2227 543 2283 Stephani
563 2242 594 2266 s.
617 2241 655 2266 V.
675 2224 879 2278 γηραλέος.

405 2304 497 2347 174.
548 2295 602 2334 ὧν
640 2292 689 2333 ἂν
726 2293 883 2343 δύναμις
921 2293 1103 2345 ἡγεῖσθαι
1141 2293 1251 2343 θέλῃ,
1290 2301 1388 2348 apta
1424 2292 1782 2335 circumlocutione

343 2364 420 2401 τῶν
439 2363 622 2401 δυνατῶν.
682 2360 922 2414 Antequam
944 2357 1050 2399 enim
1070 2358 1226 2415 aliquid
1250 2359 1458 2411 faciamus,
1479 2359 1595 2415 quasi
1619 2361 1782 2415 praeire

343 2427 467 2468 debet
485 2426 665 2468 faciundi
685 2434 876 2481 potestas.
909 2426 1036 2466 SCH.

401 2503 470 2558 ὧν]
492 2504 542 2546 ὡς
561 2502 673 2543 Rob.

401 2580 574 2635 δύναμις]
595 2579 774 2631 δυνάμεις
795 2580 861 2619 Μ.

401 2670 514 2725 θέλῃ]
536 2649 646 2710 aas?
668 2670 729 2709 M.
763 2668 872 2710 θέλει
893 2667 993 2709 Ald.
1015 2668 1125 2715 nob,

405 2747 495 2800 176.
518 2746 593 2801 ἇεὶ]
615 2747 691 2787 αἰεὶ
712 2746 847 2786 Turn.

405 2825 498 2877 178.
521 2823 719 2864 Deleatur
739 2837 899 2863 comma
916 2832 1009 2877 post
1029 2823 1189 2874 οἴχεται.

402 2902 494 2942 181.
525 2918 591 2952 μοι
610 2900 722 2942 deest
742 2900 783 2940 in
805 2900 870 2941 M.
903 2899 1097 2950 εὖείμονες
1116 2896 1218 2938 Ald.
1242 2897 1377 2937 Turn.
1427 2895 1650 2938 Scholiasta
1677 2896 1775 2937 citat
