1898 3256
341 226 422 267 126
806 227 1299 268 ANNOTATIONES

338 345 385 377 ut
403 346 499 377 ante
518 337 664 377 Persas
681 346 812 379 actam
833 338 1058 394 significare
1073 338 1274 388 videatur,
1291 336 1503 377 scholiasta
1515 336 1567 376 ad
1589 350 1627 375 v.
1647 348 1763 390 1053.

337 402 585 444 contrarium
617 403 679 444 his
709 405 842 446 verbis
867 405 1019 456 docuit,
1042 408 1078 446 οἱ
1112 405 1265 456 Πέρσαι
1291 405 1478 455 πρότερον
1501 401 1764 455 δεδιδαγμένοι

337 469 455 519 εἰσὶν,
476 469 560 511 εἶτα
588 471 626 510 οἱ
655 472 750 512 ἑπτὰ
780 473 844 513 ἐπὶ
864 472 1015 523 Θήβας·
1048 475 1117 512 νῦν
1138 473 1178 512 δὲ
1198 471 1243 510 τὸ
1262 471 1427 521 ὕστερον
1446 467 1638 520 προτέρως
1668 467 1763 509 εἶπε.

336 534 442 585 πλὴν
476 535 566 576 οὐδὲ
595 537 648 590 τῷ
678 539 812 589 ποιητῇ
846 538 1055 590 ἐγκλητέον
1087 538 1194 592 (οὐδὲ
1222 537 1297 590 γάρ
1331 538 1440 576 ἐστιν
1473 536 1690 585 ἇκριβῶσαι
1721 534 1766 573 τὸ

338 601 530 654 τοιοῦτον)
552 602 640 643 οὐδὲ
664 607 744 646 τοῖς
767 604 1059 657 ἀπελέγχουσιν
1079 604 1209 644 αὐτόν.
1241 603 1296 643 Gr.
1312 601 1608 642 DINDORF.
1671 600 1766 655 Ipse

336 667 635 723 Aristophanes
660 669 905 725 AEschylum
935 669 1155 710 introducit
1184 669 1236 709 de
1265 669 1340 709 hac
1370 666 1566 722 tragoedia
1593 665 1767 721 glorian-

337 743 442 774 tem:
475 748 607 789 neque
637 735 801 785 mirum,
822 751 914 776 cum
940 737 979 776 in
1001 751 1048 776 ea
1067 736 1250 776 militaris
1276 734 1397 775 animi
1420 733 1550 774 virtus
1568 741 1609 773 et
1629 741 1766 772 motus

335 798 469 839 bellici
487 800 639 854 optime
659 800 738 841 sint
757 802 950 856 expressi,
971 817 1088 857 quos,
1108 816 1201 843 cum
1222 801 1426 850 ederetur,
1449 799 1634 840 Telestes
1654 797 1767 838 ludio

335 865 389 905 ad
424 865 562 906 vivum
590 867 903 921 repraesentavit.
946 868 1175 909 Athenaeus
1208 882 1245 908 Ι.
1278 884 1320 924 p.
1351 879 1401 909 22
1428 869 1482 907 A.
1513 865 1767 918 Ἀριστοκλῆς

336 933 432 983 γοῦν
452 937 575 984 φησιν
594 933 653 973 ὅτι
670 932 870 984 Τελέστης
890 935 911 973 ὁ
933 935 1133 987 Αἰσχύλου
1152 934 1344 987 ὀρχηστὴς
1364 935 1481 976 οὕτως
1509 932 1558 984 ἣν
1576 932 1763 984 τεχνίτης,

336 998 439 1038 ὥστε
460 999 504 1038 ἑν
523 998 574 1052 τῷ
603 999 808 1051 ὀρχεῖσθαι
836 999 924 1042 τοὺς
950 998 1077 1041 Ἑπτὰ
1102 1001 1164 1041 ἐπὶ
1185 1000 1327 1051 Θήβας
1356 1001 1508 1052 φανερὰ
1532 1001 1691 1048 ποιῆσαι
1719 998 1766 1036 τὰ

334 1063 542 1116 πράγματα
570 1063 616 1105 δι’
646 1065 860 1118 ὀρχήσεως.
906 1065 1056 1107 Affinis
1085 1075 1146 1107 est
1178 1065 1406 1121 argumenti
1433 1079 1526 1106 cum
1554 1062 1767 1118 Euripidis

337 1130 572 1171 Phoenissis.
632 1132 802 1187 Scripsit
838 1142 981 1188 postea
1014 1132 1193 1188 Amphis
1231 1148 1279 1173 eo
1313 1132 1474 1173 nomine
1511 1129 1765 1179 comoediam,

335 1196 542 1238 Athenaeo
561 1197 765 1238 laudatam
789 1211 825 1250 7.
848 1213 892 1254 p.
912 1209 990 1253 295
1014 1200 1069 1239 E.
1103 1199 1321 1240 STANL.

392 1264 555 1304 Nomen
580 1264 705 1320 hujus
732 1265 943 1320 tragoediae
975 1265 1028 1306 ab
1054 1264 1142 1306 aliis
1172 1264 1298 1306 Ἑπτὰ
1328 1266 1391 1306 ἐπὶ
1418 1265 1570 1316 Θήβας,
1600 1263 1653 1303 ab
1679 1261 1767 1302 aliis

333 1329 459 1371 Ἑπτὰ
489 1332 552 1372 ἐπὶ
572 1330 727 1382 Θήβαις
755 1331 957 1373 scribitur.
1017 1333 1076 1372 Et
1097 1333 1194 1372 ἑπτὰ
1212 1331 1376 1387 quidem
1403 1332 1466 1372 ἐπὶ
1486 1330 1642 1382 Θήβαις
1670 1327 1768 1382 legi-

335 1406 404 1438 tur
431 1397 473 1438 in
505 1398 634 1439 MSS.
665 1408 707 1438 et
740 1398 835 1439 edd.
869 1398 1214 1439 consentientibus
1246 1399 1277 1438 J
1281 1398 1415 1439 ustino
1443 1396 1515 1452 qui
1544 1395 1694 1437 dicitur
1723 1394 1763 1434 in

337 1465 639 1511 Quaestionibm
670 1470 709 1505 et
739 1466 938 1521 Respons.
967 1467 1025 1506 ad
1054 1465 1304 1506 orthodoaeos
1333 1479 1404 1520 qu.
1439 1465 1529 1515 146.
1564 1470 1605 1503 et
1634 1461 1764 1502 Clem.

335 1530 459 1572 Alex.
480 1532 629 1572 Strom.
656 1545 693 1572 1.
722 1546 766 1586 p.
787 1543 883 1582 401.
905 1531 968 1572 ed.
990 1534 1123 1573 Oxon.
1143 1530 1270 1572 Ἑπτὰ
1300 1531 1363 1572 ἐπὶ
1388 1530 1528 1581 Θήβας
1553 1543 1647 1569 vero
1673 1526 1765 1568 scri-

333 1598 440 1639 bunt
478 1598 702 1648 Diodorus,
742 1597 1037 1653 Apollodorus,
1077 1597 1321 1639 Aristoteles
1361 1595 1595 1652 Metaphys.
1631 1607 1695 1644 12,
1724 1595 1766 1642 6,

335 1664 524 1706 Clemens
553 1664 678 1706 Alex.
708 1663 734 1705 l.
757 1664 783 1705 l.
812 1680 856 1720 p.
874 1677 974 1716 400,
1003 1663 1198 1705 Eustath.
1227 1664 1280 1705 ad
1311 1665 1484 1704 Homer.
1515 1678 1558 1718 p.
1583 1663 1676 1713 146,
1702 1670 1764 1703 12.

332 1731 429 1784 489,
453 1731 489 1770 8.
513 1730 610 1784 809,
631 1742 701 1784 37.
726 1732 848 1784 1596,
871 1732 934 1771 26.
980 1731 1173 1786 Denique
1201 1730 1258 1771 ita
1288 1731 1469 1771 fabulam
1504 1730 1608 1770 hanc
1640 1728 1764 1769 citant

333 1796 633 1852 Aristophanes
660 1796 702 1837 in
737 1797 847 1838 Ran.
884 1813 923 1838 v.
956 1809 1080 1852 1053,
1116 1797 1365 1838 Plutarchus
1406 1798 1592 1852 Sympos.
1631 1806 1670 1848 7,
1699 1806 1762 1834 10.

333 1878 374 1919 p.
399 1873 493 1917 715.
516 1862 757 1913 Athenaeus,
779 1863 996 1919 Longinus
1016 1865 1102 1917 περὶ
1121 1862 1277 1917 “Υψους
1296 1879 1329 1905 s.
1356 1877 1421 1918 15,
1441 1878 1536 1918 quae
1567 1862 1655 1902 loca
1672 1869 1766 1916 post

327 1929 426 1971 alios
443 1929 644 1984 congessit
665 1930 890 1970 Burtonus.
913 1931 1042 1971 SCH.
1081 1931 1235 1971 Omnes
1254 1939 1348 1971 ante
1368 1929 1658 1971 Porsonianam
1679 1926 1762 1967 edi-

332 1995 461 2036 tiones
487 1995 639 2036 habent
669 1995 848 2047 Θήβαις;
879 2005 1004 2051 atque
1029 1997 1088 2038 ita
1115 1996 1280 2052 quidem
1310 1995 1434 2037 schol.
1461 1995 1610 2050 Eurip.
1638 1993 1764 2034 Phoe-

331 2062 428 2103 niss.
450 2073 471 2115 7
475 2074 500 2117 5
502 2071 544 2116 5.
562 2062 659 2117 [748
682 2062 856 2116 Matth.]
878 2063 1058 2119 Longin.
1077 2081 1118 2105 π.
1138 2065 1175 2105 ὑ.
1202 2065 1240 2117 ξ.
1264 2072 1328 2118 15.
1360 2063 1478 2117 cujus
1503 2071 1638 2103 tamen
1670 2061 1764 2101 MS.

333 2128 465 2170 Paris.
496 2128 771 2169 accusativum
801 2129 980 2170 exhibet.
1026 2129 1201 2171 Philem.
1229 2145 1297 2185 ap.
1319 2129 1532 2170 Stobaeum
1556 2137 1627 2182 57,
1649 2137 1688 2180 7.
1713 2128 1766 2168 Οἱ

332 2194 364 2236 δ’
386 2195 467 2236 ἕπτ’
489 2195 552 2236 ἐπὶ
573 2194 715 2247 Θήβας
745 2195 1010 2248 ἐστράτευσάν
1028 2213 1093 2247 μοι
1122 2200 1231 2237 δοκῶ.
1278 2195 1413 2237 Schol.
1434 2194 1650 2250 Aristoph.
1672 2195 1761 2250 Ly-

332 2262 435 2303 sistr.
459 2263 552 2316 189.
585 2261 753 2313 Θήβαις.
783 2262 852 2302 sed
885 2263 983 2303 MS.
1010 2262 1177 2318 optimae
1199 2271 1307 2303 notae
1332 2262 1451 2318 cujus
1480 2261 1763 2318 apographum

331 2328 374 2368 in
405 2327 602 2368 Biblioth.
624 2327 727 2369 Coll.
751 2329 825 2369 SS.
847 2328 1040 2370 Trinitat.
1060 2328 1173 2384 apud
1195 2328 1550 2384 Cantabrigienses
1577 2327 1763 2368 adserva-

331 2404 415 2446 tur,
436 2395 594 2451 praebet
613 2395 764 2447 Θήβας.
826 2396 933 2436 Item
954 2411 1030 2452 pro
1049 2395 1169 2437 tertio
1188 2411 1301 2447 casu,
1318 2395 1389 2451 qui
1411 2395 1560 2452 legitur
1579 2394 1620 2435 in
1640 2394 1764 2436 schol.

943 2563 1162 2593 ΑῙΣΧΤΛΟΣ.

543 2613 642 2653 δρᾶμα
654 2612 785 2650 ποιήσας
794 2613 910 2652 Ἀρεως
923 2613 1051 2652 μεστόν.
1096 2619 1150 2645 ΔΙ.
1173 2615 1261 2645 ποῖον
1270 2627 1278 2651 ;
1323 2618 1376 2645 AI.
1398 2614 1470 2645 τοὺς
1486 2613 1552 2645 ἕπτ’
1569 2613 1617 2644 ἐπὶ
1634 2612 1749 2651 Θήβας·

542 2665 560 2696 δ
576 2664 763 2704 θεασάμενος
779 2667 839 2698 πῖις
854 2666 891 2697 ἄν
905 2679 952 2699 τις
967 2666 1042 2708 ἀνὴρ
1056 2665 1175 2707 ἠράσθη
1190 2665 1272 2698 adres
1287 2665 1373 2697 εἶναι.

468 2723 523 2749 ΔΙ.
545 2718 632 2750 τουτὶ
647 2717 705 2757 μέν
719 2730 770 2750 σοι
783 2720 880 2751 κακὸν
895 2721 1066 2760 εἴργασται·
1089 2719 1243 2757 Θηβαίους
1256 2719 1316 2760 ’γὰρ
1330 2721 1497 2757 πεποίηκας

544 2770 768 2812 ἀνδρειοτέρους
786 2772 828 2804 εἷς
843 2773 899 2804 τὸν
913 2772 1059 2812 πόλεμον·
1084 2773 1134 2804 καὶ
1148 2771 1260 2804 τούτου
1274 2773 1305 2811 ’γ’
1321 2772 1431 2804 οὕνεκα
1445 2772 1572 2804 τύπτου.

467 2827 520 2854 ΑΙ.
543 2824 615 2854 ἀλλ’
631 2826 701 2862 ὑμῖν
715 2826 782 2855 αὔτ’
797 2826 867 2864 ἐξῆν
881 2825 998 2864 ἀσκεῖν,
1011 2826 1083 2857 ἀλλ’
1098 2827 1153 2857 οὐκ
1169 2825 1217 2856 ἐπὶ
1235 2825 1319 2856 τοῦτ’
1336 2825 1514 2866 ἐτράπεσθε.

543 2876 611 2908 εἶτα
626 2876 746 2916 διδάξας
761 2877 883 2919 Πέρσας
896 2879 976 2918 μετὰ
990 2881 1077 2910 τοῦτ’
1095 2878 1420 2918 ἐπιθυμεῖν-ἐξεδίδαξα

543 2931 631 2961 νικᾶν
645 2931 692 2962 ἀεὶ
703 2931 775 2963 τοὺς
789 2931 985 2971 ἀντιπάλους,
1001 2932 1162 2972 κοσμήσας
1177 2932 1269 2973 ἔργον
1284 2933 1422 2973 ἄριστον.
