1898 3256
336 217 419 260 194
804 219 1296 260 ANNOTATIONES

335 329 442 366 ΠΎῬ
480 327 540 374 σὺ,
583 329 644 368 καὶ
680 331 758 369 πᾶν
797 333 920 381 δεῖμα,
959 331 1020 370 καὶ
1059 333 1401 371 ΠΑΝΟΎῬΓΙΑΣ
1437 331 1577 379 Δεινῆς
1609 326 1764 381 τέχνημ’

337 393 533 446 ἔχθιστον.
565 395 756 435 Eustath.
782 395 835 436 ad
863 397 913 435 Il.
936 400 978 436 B.
1001 410 1043 451 p.
1067 408 1162 444 201,
1185 397 1224 436 6.
1257 395 1415 447 Θερμὸν
1445 395 1561 447 ἔργον
1590 397 1767 434 διαλελυ-

334 458 474 509 μένως,
504 460 546 499 τὸ
582 462 735 504 ἀναιδὲς
764 463 826 503 καὶ
855 463 990 514 θρασύ·
1038 461 1271 514 θερμουργὸς
1305 463 1347 502 δὲ
1383 461 1478 513 ἀνὴρ
1511 462 1554 501 ἐν
1585 459 1768 500 συνθέσει

336 527 433 565 κατὰ
463 527 587 578 λόγον
617 529 834 577 ἐπαινετὸν,
867 530 887 569 ὁ
921 527 1154 580 θαρσαλέος,
1189 528 1250 568 καὶ
1282 527 1334 578 μὴ
1368 527 1519 580 ψυχρὸς
1553 528 1606 569 εἰς
1638 526 1766 578 ἔργον.

342 592 568 632 BLOMF.

395 659 476 712 καὶ]
502 660 546 699 ἐν
566 659 684 701 K.L.

396 726 490 776 604.
513 725 600 779 σὺν]
624 725 891 765 Scribendum
913 726 980 776 ξὺν
999 742 1091 767 cum
1115 726 1336 768 Brunckio.

394 791 632 845 θεοπτύστῳ]
665 793 832 846 θεομίσῳ
865 793 918 834 Ε.
951 793 1091 834 Guelf.
1127 795 1295 834 Barocc.
1327 793 1428 833 Ald.
1464 802 1504 833 et
1535 806 1618 832 var.
1652 789 1770 831 lectio

340 856 380 896 in
403 857 452 896 B.

396 924 492 976 605.
523 923 791 978 ξυμπολίταις]
826 923 1092 964 Scribendum
1125 926 1192 975 ξὺν
1225 927 1402 968 πολίταις
1432 941 1482 966 ex
1517 926 1566 964 B.
1600 923 1769 978 aliisque

340 989 545 1029 nonnullis
563 990 770 1031 codicibus
791 1000 832 1031 et
852 992 986 1031 Turn.
1047 991 1167 1039 Quod
1188 991 1399 1032 scholiasta
1418 1006 1584 1046 quoque
1604 991 1712 1046 legit.

397 1057 493 1108 607.
517 1056 689 1110 ἐκδίκως]
714 1058 869 1100 ἐνδίκως
888 1057 1008 1098 codd.
1030 1056 1186 1112 aliquot
1205 1066 1246 1098 et
1267 1059 1378 1098 Rob.

397 1123 651 1177 ἀγρεύματος]
676 1125 944 1180 Irretitz‘onz's.
1005 1125 1128 1164 Verte
1147 1134 1299 1174 autem,
1319 1125 1364 1164 in
1395 1124 1532 1164 eadem
1542 1124 1641 1178 fitti
1665 1122 1771 1162 retia

341 1189 536 1228 incidens.
558 1190 708 1244 Agam.
727 1192 846 1244 1056.
874 1189 1010 1232 Ἐντὸς
1038 1189 1069 1230 δ’
1092 1190 1140 1231 ἂν
1166 1192 1266 1231 οὖσα
1290 1191 1489 1242 μορσίμων
1509 1189 1770 1242 ἀγρευμάτων..

344 1254 452 1295 Ibid.
472 1255 568 1310 368.
601 1256 796 1309 στεγανὸν
815 1258 965 1297 δίκτυον
985 1257 1075 1306 ἄτης
1094 1258 1338 1297 παναλώτου.
1393 1256 1496 1297 Vide
1516 1257 1652 1297 Prom.
1674 1263 1769 1306 114.

342 1321 564 1362 BLOMF.

400 1389 493 1429 608.
516 1388 630 1441 δάμη]
655 1387 767 1440 ’δάμη
786 1403 878 1429 cum
899 1389 1089 1429 coronide
1110 1388 1343 1429 Brunckius
1362 1399 1484 1430 recte.

400 1456 494 1495 610.
518 1454 702 1508 εὐσεβὴς]
728 1455 886 1506 εὐγενὴς
905 1454 1060 1509 aliquot
1079 1455 1198 1495 codd.
1219 1465 1259 1496 et
1279 1456 1388 1496 Rob.

400 1522 497 1563 612.
547 1525 701 1573 φρενῶν
747 1521 837 1575 βίᾳ]
890 1521 1157 1561 Scribendum
1205 1522 1276 1575 βίᾳ
1319 1526 1474 1574 φρενῶν
1516 1536 1607 1562 cum
1655 1523 1771 1562 CM.

342 1587 543 1642 aliisque.-

401 1655 494 1707 613.
526 1655 696 1694 τείνουσι
724 1654 880 1704 πομπὴν
905 1653 975 1703 τὴν
999 1655 1150 1705 μακρὰν
1175 1655 1293 1695 πόλιν
1316 1655 1451 1707 (πάλιν
1473 1655 1607 1695 Turn.
1632 1654 1771 1710 Steph.

333 1729 385 1760 >et
404 1719 521 1760 codd.
543 1719 742 1769 nonnulli,
762 1720 868 1760 inter
887 1735 990 1775 quos
1011 1721 1092 1772 M.)
1115 1721 1268 1775 μολεῖν]
1297 1720 1534 1770 Scholiasta,
1555 1721 1627 1776 qui
1652 1721 1773 1762 πάλιν

343 1786 458 1841 legit,
491 1786 647 1837 πομπὴν
676 1786 747 1836 τὴν
775 1789 926 1838 μακρὰν
960 1787 1172 1842 conjunxit
1206 1795 1421 1842 totumque
1458 1788 1589 1829 locum
1625 1787 1680 1828 sic
1713 1798 1774 1828 est

343 1854 648 1908 interpretatuS‚
663 1853 726 1893 ἐπὶ
745 1854 814 1903 τὴν
830 1855 883 1895 εἰς
893 1852 1033 1904 ’Ἃιδην
1049 1854 1227 1894 ἀποικίαν
1248 1853 1528 1904 ἑλκυσθήσεται
1545 1859 1683 1905 μολεῖν
1702 1854 1772 1904 τὴν

346 1922 527 1961 ἐναντίαν
550 1923 596 1976 τῇ
620 1922 674 1963 εἰς
698 1919 844 1973 ’Ἄργος
868 1930 1096 1961 commento
1123 1919 1308 1969 mirabili,
1339 1920 1450 1975 quod
1479 1920 1629 1960 nemini
1658 1920 1774 1961 facile

344 1987 599 2042 persuadeat.
660 1987 710 2027 ln
741 1986 820 2027 alio
849 1987 1002 2028 scholio
1030 1988 1086 2028 sic
1114 1987 1202 2028 haec
1226 1987 1496 2042 explicantur,
1524 1989 1693 2040 σώφρων
1713 1988 1775 2028 καὶ

346 2055 488 2096 δίκαιος
502 2053 563 2093 καὶ
584 2053 751 2103 εὐσεβὴς
770 2054 865 2104 ἀνὴρ
885 2053 940 2094 ὣν
955 2054 1387 2107 συγκαθελκυσθήσεται
1406 2055 1469 2095 καὶ
1489 2056 1541 2096 εἰς
1555 2054 1623 2095 τὸν
1634 2053 1775 2106 ’Ἃιδην

347 2119 631 2172 καταχθήσεται
650 2122 747 2170 μετὰ
766 2123 841 2160 τῶν
860 2121 1020 2170 ἀσεβῶν
1041 2121 1123 2172 (his
1141 2121 1275 2161 verbis
1295 2122 1356 2161 καὶ
1377 2123 1430 2163 εἷς
1455 2121 1523 2161 τὸν
1541 2119 1607 2161 ‘'A.
1630 2138 1663 2161 κ.
1679 2138 1720 2172 μ.
1740 2138 1774 2162 τ.

346 2188 382 2227 ἀ.
404 2186 637 2241 praecedens
664 2187 1095 2238 συγκαθελκυσθήσεται
1119 2187 1344 2243 explanat),
1376 2188 1577 2239 συμμιγεὶς
1604 2187 1777 2230 ἀνοσίοις

347 2254 410 2294 καὶ
444 2253 638 2304 ἀσεβέσιν
666 2254 841 2306 ἀνδράσι,
874 2255 1156 2306 θρασυστόμοις
1187 2254 1248 2294 καὶ
1279 2252 1477 2305 φλυάροις.
1510 2252 1624 2295 nulla
1655 2254 1776 2309 plane

346 2319 501 2360 ratione
531 2319 670 2360 habita
693 2335 832 2361 versus
862 2320 985 2376 hujus
1004 2322 1172 2361 τείνουσι
1199 2320 1356 2371 πομπὴν
1383 2319 1453 2370 τὴν
1479 2321 1631 2372 μακρὰν
1659 2322 1777 2362 πόλιν

346 2390 495 2436 μολεῖν,
528 2386 598 2442 qui
633 2386 731 2427 mihi
758 2397 839 2428 tam
875 2388 1011 2443 inepte
1045 2387 1292 2442 compositus
1321 2386 1499 2435 videtur,
1532 2394 1579 2427 ut
1612 2400 1694 2426 non
1724 2386 1777 2430 ab

349 2453 550 2509 AEschylo
570 2454 779 2509 scriptum,
802 2454 870 2495 sed
891 2470 916 2495 a
940 2453 1202 2509 grammatico
1228 2453 1365 2508 aliquo
1383 2453 1598 2494 confictum
1619 2461 1776 2508 putem,

348 2521 420 2577 qui
442 2521 517 2562 hoc
537 2521 670 2561 dicere
690 2520 820 2561 voluit
839 2522 1010 2562 τείνουσι
1028 2520 1183 2572 πομπὴν
1203 2521 1273 2570 τὴν
1291 2521 1441 2572 μακρὰν
1461 2521 1562 2561 ὥστε
1577 2519 1647 2570 τὴν
1661 2521 1779 2561 πόλιν

347 2593 499 2640 μολεῖν.
559 2588 631 2628 Ad
650 2592 789 2639 μολεῖν
809 2588 848 2628 in
870 2589 1001 2628 Taur.
1024 2596 1260 2628 annotatum
1282 2604 1344 2639 γρ.
1367 2589 1486 2627 ἑλεῖν.

406 2658 503 2706 614.
524 2659 634 2707 ξυγκ-
654 2654 902 2695 Brunckius.
933 2671 1050 2706 συγκ-
1070 2652 1176 2694 libri.

407 2723 502 2763 616.
538 2722 703 2775 ἄθυμον]
737 2722 880 2773 ἄθυμος
915 2721 980 2761 Μ.
1020 2728 1060 2760 et
1091 2719 1416 2775 quattuordecim
1448 2719 1515 2760 alii
1553 2733 1646 2760 cum
1676 2719 1776 2760 Ald.

350 2789 484 2831 Rob.:
516 2788 638 2829 ceteri
661 2789 808 2839 ἄθυμον
827 2801 919 2827 cum
943 2787 1078 2827 Turn.

408 2856 502 2896 618.
524 2853 776 2918 θεσφάτοισι]
799 2853 1008 2906 θεσφάτοις
1027 2852 1112 2894 duo
1137 2852 1271 2906 codd„
1293 2822 1504 2905 θεσφάτοις
1523 2856 1590 2893 τοῦ
1609 2852 1703 2893 duo
1713 2851 1779 2893 alii

351 2932 391 2964 et
412 2922 520 2963 Rob.
1218 2953 1221 2956 Δ
1764 2946 1766 2949 >
