1898 3256
362 241 453 282 AD
487 240 742 284 SEPTEM
773 238 1104 282 ADVERSUS
1138 240 1407 281 THEBAS.
1524 237 1623 284 '19‘5

213 351 313 405 619.
345 355 462 405 φιλεῖ
488 352 531 393 δὲ
561 354 682 405 σιγᾶν
709 349 733 403 ἢ
762 350 901 405 λέγειν
930 352 979 391 τὰ
1006 350 1154 404 καίρια]
1179 349 1288 391 Vide
1310 348 1501 406 Choeph.
1521 351 1621 406 580.

152 418 336 460 Eumen.
359 417 455 474 277.
477 418 638 461 Julian.
659 420 768 461 Caes.
786 433 830 476 p.
852 418 936 474 328
960 418 1016 459 D.
1049 417 1308 460 PORSON.
1368 417 1498 459 Adde
1519 418 1624 459 Pro-

151 486 280 527 meth.
303 486 431 542 Ignif.
453 486 566 543 apud
588 488 647 528 A.
669 485 779 529 Gell.
798 498 863 541 13,
885 486 950 527 18.
972 488 1104 539 Σιγῶν
1124 484 1158 526 θ’
1180 485 1280 527 ὅπου
1301 488 1372 533 δεῖ,
1396 486 1460 527 καὶ
1487 485 1622 540 λέγων

150 555 201 595 τὰ
223 555 365 607 καίρια.
388 555 540 611 Eurip.
561 555 663 597 ibid.
686 558 812 608 Σιγᾶν
833 553 866 595 θ’
889 554 988 595 ὅπου
1009 556 1082 601 δεῖ,
1106 553 1170 594 καὶ
1189 553 1329 607 λέγειν
1348 552 1397 595 ἵν’
1420 554 1621 607 ἀσφαλές.

153 621 222 663 Cf.
258 621 511 664 Valckenaer.
541 622 722 664 Diatrib.
752 622 795 663 in
826 621 978 678 Eurip.
1013 621 1183 677 Fragm.
1214 637 1257 678 p.
1293 632 1387 676 175.
1421 620 1622 663 Gataker.

152 690 335 730 A.M.P.
357 704 421 732 10.
444 706 485 748 p.
506 691 605 745 508.
638 690 870 732 BLOMF.

210 758 306 799 621.
328 757 602 813 ἀντιτάξομεν]
624 757 876 809 ἀντιτάξομαι
896 757 1008 799 Rob.

211 827 306 870 622.
338 826 468 881 φέρει]
490 827 610 880 φύσει
631 827 696 867 Μ.
721 825 1021 882 (superscripto
1047 824 1101 866 ab
1132 823 1213 865 alia
1233 839 1358 865 manu
1380 824 1514 879 φέρει)
1536 824 1624 866 alii-

150 908 234 950 que
253 893 442 935 nonnulli
463 908 558 935 cum
582 893 692 935 Rob.
714 909 810 949 quae
831 893 1038 950 scriptura
1055 892 1178 934 etiam
1201 892 1243 933 in
1266 894 1380 934 AB.
1407 903 1469 934 est
1495 908 1622 935 anno-

150 971 250 1003 tata.
272 961 409 1015 τρέφει
430 961 670 1003 Brunckius
689 961 865 1018 conjecit
884 976 966 1002 non
989 961 1109 1002 male.

210 1030 307 1080 624.
338 1028 427 1082 παρ’
450 1027 636 1084 ἀσπίδος]
661 1030 697 1070 Α
718 1030 871 1086 clypeo.
894 1029 919 1070 i.
942 1045 977 1070 e.
998 1043 1026 1069 a
1045 1029 1158 1070 laeva
1178 1042 1320 1068 manu.
1383 1028 1622 1070 Brunckius

151 1096 463 1153 interpretatur,
483 1101 511 1121 “
533 1097 695 1138 nudum
714 1111 849 1139 ensem
870 1098 1064 1153 arripere
1084 1111 1112 1138 a
1131 1097 1309 1137 sinistro
1329 1096 1471 1138 latere.
1521 1096 1622 1154 Cly-

151 1181 257 1223 peus
304 1165 408 1207 laeva
447 1181 572 1207 manu
614 1167 894 1222 gestabatur.”
953 1165 1056 1217 Ubi,
1091 1175 1139 1207 ut
1178 1165 1295 1216 solet,
1328 1174 1468 1207 actum
1507 1166 1619 1223 agit:

151 1235 258 1276 hanc
288 1234 396 1275 enim
426 1234 806 1291 interpretationem
837 1234 1000 1276 dudum
1032 1233 1286 1275 indicaverat
1314 1234 1421 1275 V.D.
1451 1234 1492 1275 in
1520 1236 1618 1276 Act.

152 1302 323 1344 Erudit.
342 1317 409 1344 an.
430 1313 552 1357 1750.
574 1317 616 1358 p.
637 1316 707 1358 31.
729 1302 803 1359 qui
823 1312 961 1344 tamen
990 1302 1142 1344 rectius
1167 1303 1260 1355 δόρυ
1287 1302 1410 1343 vertit
1439 1303 1619 1354 hastam,

151 1385 323 1411 monens
341 1379 516 1420 veteres,
538 1370 638 1411 dum
662 1370 702 1410 in
731 1370 856 1412 armis
885 1380 1054 1419 starent,
1082 1370 1274 1411 manibus
1303 1369 1489 1411 nondum
1521 1386 1618 1412 con-

151 1438 283 1488 sertis,
299 1438 457 1479 hastam
479 1437 522 1478 in
543 1437 707 1478 sinistra
727 1438 805 1479 sub
827 1436 947 1479 scuto
968 1438 1158 1479 tenuisse.
1182 1437 1402 1494 Aristoph.
1418 1439 1504 1480 Av.
1521 1452 1619 1494 390.

153 1507 231 1547 Καὶ
259 1506 304 1546 τὸ
335 1506 427 1558 δόρυ
456 1506 546 1560 χρὴ,
578 1505 647 1546 τὸν
677 1506 908 1557 ὀβελίσκον,
931 1509 1174 1558 Περιπατεῖν
1205 1506 1373 1559 ἔχοντας
1401 1507 1501 1558 ἡμᾶς
1529 1511 1621 1549 Τῶν

152 1574 288 1614 ὅπλων
309 1574 432 1621 ἐντὸς,
454 1572 542 1626 παρ’
566 1572 688 1625 αὐτὴν
707 1572 792 1624 Τὴν
811 1575 971 1628 χύτραν.
1005 1575 1240 1615 BLOMF.

209 1643 308 1684 626.
340 1642 509 1683 δικαίους
538 1643 649 1683 λιτὰς
678 1656 728 1682 ex
759 1641 904 1697 paucis
931 1641 1065 1697 iisque
1094 1657 1177 1682 non
1209 1641 1377 1698 optimis
1406 1642 1620 1684 codicibus

151 1709 308 1750 editum
330 1724 408 1765 pro
429 1707 600 1764 vulgato
620 1709 770 1752 δικαίας
789 1711 917 1758 λιτὰς,
940 1709 1055 1765 quod
1077 1708 1370 1750 revocandum.

210 1777 358 1819 δικαίας
377 1778 489 1819 λιτὰς
502 1775 707 1831 ἡμετέρας]
724 1777 892 1819 δικαίους
905 1778 1052 1830 λόγους
1066 1777 1276 1830 ἡμετέρους
1292 1777 1619 1834 superscriptum

149 1843 203 1884 ab
232 1843 311 1884 alia
341 1858 467 1884 manu
497 1842 622 1884 habet
654 1844 720 1885 M.
751 1843 980 1900 eademque
1012 1844 1133 1886 lectio
1163 1844 1206 1885 in
1242 1844 1333 1885 aliis
1367 1844 1619 1900 quibusdam

151 1910 364 1952 codicibus
384 1910 450 1951 vel
469 1919 665 1952 annotata
686 1910 750 1952 vel
770 1910 811 1951 in
833 1911 924 1967 ipso
944 1921 1062 1953 textu
1085 1912 1220 1969 posita
1239 1922 1314 1954 est.

210 1980 358 2022 δικαίας
386 1981 499 2022 λιτὰς
527 1979 717 2032 ἡμετέρας
747 1978 909 2034 τελεῖθ’]
940 1981 1110 2024 δικαίους
1139 1983 1284 2034 λόγους
1310 1986 1316 2037 Ι
1344 1981 1458 2033 ἐμοὺς
1489 1981 1531 2022 εὖ
1558 1997 1620 2022 τε-

150 2051 259 2088 λεῖτε
279 2046 394 2087 Rob.

209 2113 372 2169 τελεῖθ’]
397 2113 543 2155 τελοῖθ’
566 2115 644 2155 Ar.

210 2184 304 2233 627.
328 2183 378 2225 ὡς
396 2183 513 2224 πόλις
533 2181 693 2238 εὐτυχῇ]
714 2184 835 2224 πόλιν
856 2183 1036 2238 εὐτυχεῖν
1057 2184 1171 2224 Rob.

208 2250 306 2291 628.
330 2249 533 2304 δορίπονα]
555 2251 753 2302 δορύπονα
771 2250 933 2306 aliquot
953 2250 1076 2293 codd.

208 2320 250 2362 ἐς
287 2322 360 2372 γᾶς
399 2320 682 2360 Hermannus.
727 2323 800 2373 γᾶς
838 2319 935 2372 πρὸς
974 2318 1125 2375 vulgo:
1171 2319 1242 2360 sed
1282 2319 1378 2372 πρὸς
1416 2320 1617 2362 omittunt

152 2386 335 2426 A.C.M.
357 2384 522 2440 aliique.
583 2386 728 2427 Habet
747 2387 798 2434 B,
821 2386 893 2427 sed
920 2386 1129 2442 adscripto
1158 2386 1200 2427 in
1232 2386 1418 2443 margine
1448 2405 1512 2441 γρ.
1543 2391 1617 2440 γᾶς

153 2453 364 2503 ἐπιμόλους
381 2453 500 2506 χωρὶς
518 2456 586 2504 τῆς
605 2455 713 2506 πρός.
744 2457 819 2506 γᾶς
838 2452 949 2494 τῶνδ’
972 2453 1082 2494 Rob.

211 2526 308 2577 629.
332 2525 491 2576 πύργων
509 2523 558 2579 δ’]
579 2518 714 2578 πύργῷ
736 2524 767 2565 δ’
792 2527 859 2567 Μ.

212 2590 243 2631 δ’
265 2605 347 2630 om.
370 2591 540 2632 Barocc.
562 2601 603 2633 et
624 2591 727 2633 Ald.

211 2657 386 2712 ἔκτοθεν]
409 2658 596 2700 ἔκτοσθεν
616 2658 775 2714 aliquot
794 2658 918 2700 codd.
940 2669 982 2700 et
1002 2659 1104 2700 Ald.
1130 2659 1239 2701 Rob.
1264 2661 1402 2702 Turn.

211 2726 307 2779 630.
340 2724 465 2779 κάνοι]
498 2726 622 2766 καίνοι
653 2726 720 2766 Μ.
753 2730 864 2767 κονοῖ
891 2726 1002 2768 Rob.
1033 2736 1075 2767 et
1101 2741 1187 2768 var.
1215 2727 1336 2769 lectio
1362 2728 1404 2769 in
1427 2729 1478 2770 Β.
1510 2734 1620 2772 κονεῖ

152 2791 238 2832 duo
257 2790 337 2831 alii.

211 2859 308 2913 633.
330 2859 414 2901 οἵας
432 2858 618 2915 quinque
638 2858 798 2900 codices
816 2869 858 2900 et
880 2861 1015 2901 Turn.
1039 2860 1182 2917 plures
1201 2863 1286 2905 οἵας
1304 2861 1355 2916 γ’,
1379 2874 1461 2905 tres
1479 2866 1544 2906 οἷά
1561 2865 1616 2919 γ’,

152 2925 192 2966 in
215 2925 318 2967 Ald.
340 2926 417 2966 οἵα.

822 3008 844 3033 Β
869 2994 895 3034 b
919 3006 942 3036 2
