1898 3256
344 248 434 290 AD
468 246 722 289 SEPTEM
755 243 1087 287 ADVERSUS
1120 241 1390 283 THEBAS.
1521 239 1598 281 181

198 365 383 411 Παλλὰς,
415 361 472 414 ἥτ’
506 360 759 416 ἀγχίπτολις]
794 357 1029 401 Probabilis
1062 355 1232 399 Stanleii
1268 355 1508 412 conjectura
1543 361 1604 394 est

142 433 314 474 Παλλὰς
331 429 388 482 ἥδ’
411 430 658 484 ἀγχίπτολις.

198 513 299 557 503.
320 502 528 557 δύσχιμον]
550 492 743 556 δύσχῖμον
763 502 828 542 Μ.
860 500 1076 554 δύσχειμον
1095 497 1202 539 Ald-

198 572 296 625 506.
340 572 591 623 ἐξιστορῆσαι
623 573 764 623 μοῖραν
803 567 931 618 θέλεις
963 567 1004 608 h.
1036 582 1070 607 e.
1107 564 1286 621 experiri
1323 564 1430 614 vult,
1464 573 1607 606 utrum

141 637 305 680 vincere
325 637 403 679 sibi
422 637 518 679 fatis
539 637 750 678 decretum
773 636 837 684 sit,
859 650 911 676 an
931 635 1146 676 honestam
1169 649 1244 689 pro
1268 632 1404 690 patria
1431 641 1608 672 mortem

141 716 353 763 oppetere.
415 707 540 747 Certe
560 704 662 746 nihil
681 704 796 746 aliud
816 703 853 745 ei
873 702 1134 760 propositum
1156 711 1232 752 est,
1254 700 1331 742 nisi
1352 710 1426 742 aut
1446 699 1610 741 vincere

142 784 215 815 aut
236 774 354 815 mori.
390 774 521 815 SCH.

200 853 298 897 507.
321 841 423 899 οὔθ’]
447 840 524 882 οὐδ’
545 840 705 897 aliquot
723 839 844 882 codd.
867 849 909 881 et
929 838 1033 880 Ald.
1057 840 1197 880 Turn.
1240 842 1269 862 “
1291 836 1610 878 Adumbratum

143 910 311 952 videtur
339 909 537 966 loquendi
566 924 698 966 genus
727 925 779 951 ex
801 910 991 951 Homero
1012 907 1135 949 Iliad.
1158 911 1208 956 A,
1232 919 1326 958 114.
1351 907 1437 948 ἐπεὶ
1453 907 1499 948 οὗ
1520 907 1613 948 ἕθεν

146 979 232 1019 ἐστὶ
255 980 422 1032 χερείων
442 979 503 1020 Οὐ
523 977 654 1030 δέμας,
677 979 767 1021 οὐδὲ
790 978 908 1032 φυὴν,
931 976 1009 1019 οὔτ’
1033 977 1080 1018 αὖ
1106 975 1268 1030 φρένας,
1290 976 1380 1017 οὔτε
1409 993 1446 1017 τι
1477 974 1613 1030 ἔργα.”

146 1047 381 1088 BLOMF.

204 1115 301 1170 508.
331 1114 493 1170 Ἑρμῆς]
526 1114 806 1171 Inexspectati
836 1113 940 1155 lucri
970 1121 1138 1155 auctor:
1174 1111 1288 1168 quod
1320 1111 1424 1154 bene
1456 1110 1615 1153 notavit

148 1182 378 1224 scholiasta.
409 1184 645 1225 BLOMF.

206 1251 429 1305 ξυνήγαγεν
450 1250 698 1292 Brunckius.
731 1249 958 1304 συνήγαγεν
979 1248 1086 1291 libri.

207 1329 306 1375 509.
328 1319 442 1374 ἀνὴρ]
464 1319 562 1372 ἀνὴρ
582 1317 691 1359 libri.

207 1389 280 1442 τῷ]
308 1386 361 1427 Id
383 1396 444 1427 est
464 1385 508 1442 ᾧ.

208 1453 462 1510 ξυστήσεται]
484 1454 747 1506 ξυνστήσεται
768 1455 835 1496 Μ.

209 1531 309 1578 513.
332 1521 540 1578 σταδαῖος]
563 1522 797 1564 Statarius.
829 1522 1044 1563 Onomast.
1069 1522 1163 1563 Vet.
1211 1521 1279 1563 Sic
1299 1521 1408 1563 enim
1428 1521 1522 1579 lego
1542 1538 1620 1579 pro

155 1593 369 1633 σταδιαῖος.
406 1589 545 1646 Apoll.
578 1589 720 1631 Rbod.
750 1603 793 1645 3,
825 1601 946 1644 1225.
980 1590 1152 1643 Θώρηκα
1181 1589 1357 1631 στάδιον.
1390 1589 1462 1631 ubi
1493 1589 1618 1632 schol.

155 1660 216 1701 ὅτι
245 1659 315 1700 οὐκ
345 1658 395 1710 ἦν
429 1658 671 1701 ἀλυσίδωτος
705 1659 814 1699 ἀλλὰ
846 1661 1059 1701 σταδιαῖος.
1120 1658 1237 1713 Lege
1272 1661 1471 1701 σταδαῖος.
1506 1667 1548 1698 et
1578 1657 1621 1698 in

158 1727 317 1770 Polluc.
337 1728 374 1768 I.
394 1740 459 1768 10.
481 1740 548 1780 19.
566 1726 734 1767 σταδαία
748 1725 869 1780 μάχη.
901 1724 997 1767 Vid.
1017 1724 1069 1767 Il.
1086 1729 1140 1774 H,
1161 1737 1257 1778 240.
1275 1726 1475 1767 Eustath.
1493 1725 1546 1767 ad
1565 1725 1618 1766 Il.

160 1799 219 1837 H.
242 1810 283 1851 p.
307 1795 406 1849 678,
425 1808 496 1850 31.
518 1795 578 1834 ὅτι
598 1795 641 1835 δὲ
661 1795 683 1834 ὁ
710 1797 896 1837 σταδαῖος
923 1793 1001 1835 ἀπὸ
1032 1797 1101 1834 τοῦ
1132 1793 1281 1846 στάδην
1309 1795 1625 1847 γίνεται-καθὰ

159 1865 204 1905 ἐκ
226 1867 295 1904 τοῦ
321 1864 445 1917 χύδην
466 1863 487 1903 ὁ
513 1865 688 1916 χυδαῖος,
711 1862 834 1913 δῆλόν
855 1863 976 1903 ἐστιν.
1009 1862 1125 1902 Pers.
1149 1874 1249 1914 240.
1275 1860 1410 1916 Ἕγχη
1441 1864 1621 1903 σταδαῖα.

159 1932 284 1973 Verte
303 1930 433 1986 igitur
451 1930 582 1981 ἧσται,
603 1930 837 1971 collocatur.
869 1930 1104 1971 BLOMF.

215 1999 352 2054 χερὸς]
375 1997 510 2052 χειρὸς
529 1997 688 2054 aliquot
708 1997 831 2038 codd.
857 1997 959 2038 Ald.
980 1997 1090 2039 Rob.

217 2067 398 2121 φλέγων]
425 2064 559 2120 φέρων
576 2065 735 2122 aliquot
755 2065 875 2107 codd.
896 2075 938 2106 et
959 2065 1071 2106 Rob.
1134 2066 1236 2106 Duo
1256 2064 1374 2119 ἔχων.

217 2147 317 2190 514.
342 2134 437 2189 εἶδε]
463 2134 569 2175 εἶδεν
589 2134 655 2175 Μ.
686 2133 769 2175 οἶδε
790 2133 990 2175 Cantabr.
1011 2132 1172 2189 primus
1191 2141 1233 2174 et
1253 2131 1364 2173 Rob.

216 2203 308 2258 που]
347 2206 416 2244 τοῦ
455 2201 680 2243 Elmsleius
711 2201 753 2242 in
790 2201 1016 2258 Quarterly
1050 2201 1221 2242 Review
1254 2199 1336 2242 vol.
1375 2211 1413 2254 7.
1449 2216 1491 2257 p.
1522 2203 1623 2255 461.

164 2271 287 2324 Quod
306 2285 450 2312 verum
471 2269 653 2311 videtur.

218 2349 459 2395 515—520.
509 2338 640 2380 τοιάδε
677 2337 813 2390 μέντοι
850 2338 1096 2391 προσφίλεια
1136 2338 1345 2389 δαιμόνων·
1374 2336 1380 2393 l
1406 2337 1504 2390 πρὸς
1548 2342 1626 2380 τῶν

165 2408 408 2460 κρατούντων
435 2405 466 2447 δ’
489 2407 624 2458 ἐσμεν,
646 2408 684 2447 οἱ
715 2405 744 2446 δ’
766 2405 1025 2457 ἡσσωμένων,
1054 2403 1060 2461 Ι
1088 2406 1123 2445 εἰ
1149 2405 1249 2447 Ζεύς
1277 2422 1326 2457 γε
1332 2409 1469 2458 Τυφῶ
1491 2423 1626 2458 καρτε-

165 2475 330 2527 ρώτερος
349 2473 470 2526 μάχῃ.
500 2472 506 2529 Ι
534 2473 635 2516 εἰκὸς
662 2474 704 2513 δὲ
731 2476 894 2525 πράξειν
921 2473 1065 2525 ἄνδρας
1086 2471 1148 2513 ὧδ’
1172 2471 1421 2515 ἀντιστάτας·
1451 2471 1457 2527 Ι
1482 2471 1626 2526 (Τπερ-

166 2543 243 2596 βίῳ
277 2557 333 2588 τε,
369 2540 465 2593 πρὸς
494 2538 619 2592 λόγον
648 2543 717 2580 τοῦ
752 2539 937 2592 σήματος,
966 2539 973 2594 Ι
1000 2539 1129 2592 σωτὴρ
1164 2538 1308 2591 γένοιτ’
1342 2539 1392 2580 ἂν
1424 2540 1534 2591 Ζεὺς,
1568 2542 1630 2583 ἐπ’

169 2609 334 2650 ἀσπίδος
353 2607 516 2661 τυχών]
541 2606 703 2648 Mirum
729 2615 791 2648 est
818 2617 900 2648 tam
932 2606 1003 2647 diu
1035 2606 1112 2647 hos
1132 2621 1275 2647 versus
1298 2622 1376 2662 pro
1398 2606 1632 2664 AEschyleis

169 2673 311 2716 haberi
347 2673 548 2730 potuissse
582 2690 688 2730 quos
722 2674 855 2716 omnis
884 2674 1178 2716 sententiarum
1214 2673 1490 2730 dictionisque
1520 2675 1634 2717 color

170 2757 252 2783 non
288 2756 374 2782 esse
408 2741 462 2782 ab
497 2742 701 2798 AEschylo
736 2741 908 2798 scriptos
947 2741 1101 2798 arguit,
1138 2741 1209 2782 sed
1245 2741 1299 2782 ab
1338 2740 1633 2798 interpolatore

170 2809 366 2866 adjectOS‚
388 2808 462 2865 qui
481 2809 596 2864 quod
616 2808 796 2850 breviter
815 2808 1081 2865 graviterque
1097 2808 1282 2850 versibus
1303 2809 1634 2865 praecedentibus

170 2877 458 2919 enuntiaverat
480 2875 707 2933 AEschylus
727 2874 898 2917 molesta
916 2874 1084 2917 diduxit
1101 2875 1364 2931 loquacitate.

229 2955 329 2999 515.
360 2942 490 2985 τοιάδε
518 2942 654 2994 μέντοι
682 2943 927 2996 προσφίλεια
956 2943 1166 2998 δαιμόνων]
1192 2943 1253 2985 Η.
1276 2958 1310 2984 e.
1333 2942 1390 2984 sic
1419 2943 1636 3002 dispertita
1716 2975 1720 2980 -
