1898 3256
339 233 425 272 200
813 231 1304 272 ANNOTATIONES

394 339 546 392 Ἐρινὺς
566 341 631 380 Μ.
662 339 839 392 Ἐριννὺς
858 341 996 395 vulgo.

395 408 490 447 ὅταν
509 408 587 447 Ar.
607 407 799 447 cantabr.
819 417 990 461 uterque
1010 416 1062 455 et,
1079 406 1111 446 si
1126 406 1226 461 quid
1243 421 1292 446 ex
1310 405 1467 446 silentio
1481 403 1769 459 colligendum,

342 474 407 514 M.
438 472 514 514 οὔτ’
537 473 586 513 ἂν
605 472 702 513 Ald.
737 472 815 513 οὗθ’
838 473 886 514 ἂν
906 473 1014 513 Rob.
1047 472 1123 513 οὔτ’
1146 472 1194 513 ἂν
1216 474 1348 512 Turn.

397 549 490 592 701.
513 539 715 594 δέχωνται]
736 539 916 593 δέχονται
937 539 1045 580 Rob.

397 615 492 660 703.
522 605 633 659 χάρις
663 606 694 646 δ’
722 607 789 658 ἀφ’
815 607 921 657 ἡμῶν
942 605 1142 656 ὀλομένων
1163 604 1406 658 θαυμάζεται]
1428 605 1557 644 Recte
1576 604 1770 658 interpre-

339 682 451 714 tatur
466 673 692 722 scholiasta,
707 674 777 723 τὴν
793 674 991 713 ἀπώλειαν
1005 673 1110 723 ἡμῶν
1127 673 1169 712 ἐν
1185 671 1341 725 χάριτος
1354 672 1468 725 μοίρᾳ
1482 670 1768 722 λαμβάνουσιν,

338 738 373 789 ἢ,
395 741 492 790 μετὰ
511 739 580 780 τὸν
599 739 768 780 θάνατον
786 741 880 781 ἴσως
900 739 1077 781 εὐκλείας
1096 739 1319 789 τευξόμεθα.

397 815 492 858 705.
508 809 578 845 νῦν
593 806 658 845 ὅτε
677 806 751 857 (ὅτι
767 805 894 856 Rob.)
915 821 979 845 σοι
994 804 1237 857 παρέστακεν
1256 803 1428 858 (aliquot
1442 802 1560 844 codd.
1576 802 1769 854 παρέστη-

341 872 441 925 κεν)]
464 871 596 911 Schol.
620 874 689 911 νῦν
709 871 964 911 κολακευτέον
985 871 1052 911 τὸν
1072 870 1252 916 θάνατον,
1270 871 1335 911 ὅτε
1351 887 1414 911 σοι
1430 871 1540 912 οὗτος
1553 868 1771 921 παρέστηκε

341 939 403 978 καὶ
423 937 571 988 ἐπῆλθέ
591 954 668 977 σοι.
701 941 770 977 νῦν
789 938 854 977 ὅτε
874 936 1055 977 similiter
1074 937 1115 976 in
1139 938 1285 992 Suppl.
1309 937 1403 990 630.
1426 939 1495 976 νῦν
1515 936 1581 976 ὅτε
1602 935 1663 974 καὶ
1690 933 1771 974 θεοὶ

341 1009 545 1057 Διογενεῖς
565 1002 704 1044 κλύοιτ’
727 1004 882 1044 εὐκταῖα
900 1003 1008 1056 γένει
1026 1003 1207 1056 χεούσας.

398 1072 489 1124 706.
512 1070 690 1124 τροπαία]
712 1085 766 1110 sc.
783 1070 892 1122 αὔρα.
958 1071 1106 1110 Ventus
1124 1069 1196 1124 qui
1216 1067 1360 1120 τροπὴν
1361 1068 1473 1122 sert.
1494 1069 1648 1122 Agam.
1674 1078 1768 1109 220.

340 1137 491 1189 Φρενὸς
508 1136 637 1178 πνέων
659 1138 833 1186 δυσσεβῆ
862 1137 1061 1188 τροπαίαν.
1092 1138 1274 1187 τροπαῖος
1301 1133 1499 1189 adjective
1529 1133 1677 1188 saepius
1705 1148 1772 1173 oc-

338 1203 478 1244 currit.
538 1202 712 1243 Photius
731 1211 772 1243 et
792 1201 978 1258 Etymol.
1002 1203 1065 1256 M.
1086 1217 1128 1256 p.
1147 1201 1246 1253 766,
1265 1213 1333 1251 40.
1358 1200 1540 1252 Τριπαία.
1573 1201 1596 1251 ἡ
1616 1200 1773 1240 ἐναντία

339 1269 452 1320 πνοή.
492 1270 610 1311 οὕτως
644 1271 858 1320 Σοφοκλῆς.
905 1267 1155 1314 Brunckius,
1189 1281 1259 1306 seu
1290 1266 1426 1322 potius
1456 1266 1771 1314 Valckenaerius‚

339 1337 529 1388 Τροπαία.
563 1336 735 1375 BLOM
745 1336 790 1375 F.

398 1404 441 1443 ἐν
461 1402 638 1456 τροπαίᾳ]
660 1402 872 1455 ἆντροπαίᾳ
892 1400 1000 1441 Rob.
1032 1398 1172 1454 Steph.
1196 1400 1239 1439 ἐν
1265 1399 1462 1451 ἀνατροπῇ
1484 1399 1545 1440 καὶ
1562 1403 1771 1450 μεταλλοι-

340 1470 434 1510 ὤσει
455 1468 633 1524 explicat
652 1467 877 1508 scholiasta.

399 1536 491 1588 708.
513 1535 588 1588 ζεῖ]
610 1537 654 1585 ζῆ
674 1533 781 1574 Rob.

400 1614 492 1656 709.
520 1600 697 1652 ἐξέζεσεν
727 1599 868 1655 Steph.
898 1608 939 1640 et
967 1598 1086 1639 codd.
1113 1598 1309 1654 plerique.
1340 1598 1522 1648 ἐξέζεσαν
1541 1597 1642 1639 Ald.
1664 1598 1771 1639 Rob.

341 1669 475 1708 Turn.

399 1745 492 1787 710.
525 1735 714 1774 ἐνυπνίων
742 1731 1046 1786 φαντασμάτων]
1077 1730 1264 1786 Speciose
1286 1730 1509 1785 AEschylus
1527 1730 1659 1785 fingit,
1682 1745 1773 1771 um-

340 1801 455 1842 bram
489 1800 636 1856 OEdipi
675 1815 748 1855 per
783 1807 1022 1840 nocturnam
1062 1797 1241 1853 quietem
1276 1796 1424 1852 saepius
1456 1797 1616 1838 Eteocli
1649 1812 1774 1853 appa-

340 1867 482 1918 ruisse,
502 1866 745 1922 easdemque
765 1865 886 1914 diras,
908 1864 1060 1920 quibus
1078 1863 1145 1904 ille
1173 1863 1276 1904 filios
1302 1863 1534 1913 devoverat,
1555 1864 1772 1919 repetiisse.

341 1936 568 1990 Optaverat
586 1943 722 1974 autem
745 1931 927 1987 OEdipus
951 1940 998 1972 ut
1021 1930 1093 1971 filii
1119 1930 1228 1971 ferro
1257 1930 1520 1971 hereditatem
1550 1940 1772 1979 cernerent,

340 2002 449 2042 ferro
477 2016 575 2056 opes
605 2010 793 2056 paternas
825 1998 931 2038 inter
963 2011 1003 2037 se
1034 1995 1286 2036 dividerent:
1329 1995 1413 2036 vid.
1448 2011 1484 2036 v.
1514 1996 1609 2049 788.
1641 1997 1772 2037 SCH.

341 2066 630 2121 φαντασμάτων
656 2066 845 2106 ἐνυπνίων
866 2063 1060 2105 Cantabr.
1092 2062 1305 2103 secundus
1338 2062 1556 2115 φασμάτων
1586 2064 1775 2104 ἐνυπνίων

341 2139 398 2175 A.
432 2133 581 2188 aliique
611 2130 797 2172 nonnulli
827 2139 867 2171 et
898 2129 1024 2178 Rob.,
1055 2143 1149 2183 quae
1179 2128 1379 2184 scriptura
1408 2128 1528 2169 etiam
1558 2129 1598 2169 in
1633 2130 1684 2170 B.
1714 2138 1775 2169 est

341 2209 547 2241 annotata.

401 2276 447 2318 71
460 2279 493 2305 1.
516 2264 700 2319 δατήριοι]
721 2263 900 2315 δατήριον
920 2261 1019 2302 Ald.
1052 2255 1218 2313 δῧτήριοι
1238 2262 1303 2302 Μ.

400 2344 495 2386 712.
515 2331 665 2385 πείθου]
687 2333 800 2371 πιθοῦ
820 2329 1089 2370 Blomfieldus
1109 2327 1383 2385 probabiliter.

398 2400 458 2454 οὗ]
478 2399 530 2451 μὴ
553 2400 605 2439 L.
620 2397 729 2439 Rob.

400 2479 492 2520 713·
520 2466 593 2516 ἄνη
619 2482 675 2507 τις
703 2465 765 2504 Μ.
796 2462 946 2518 aliique
971 2461 1169 2503 nonnulli.
1232 2461 1361 2501 Pauci
1390 2461 1519 2504 ἄνυτις
1551 2476 1644 2502 cum
1673 2461 1772 2501 Ald.

343 2532 454 2572 Rob.
477 2533 627 2580 Turn.,
649 2529 834 2586 plerique
854 2530 999 2571 ἄνυσις.

399 2598 503 2652 οὐδὲ]
525 2599 569 2638 οὐ
589 2599 631 2637 δὲ
652 2597 762 2637 Rob.

397 2664 563 2718 μακράν]
583 2663 710 2715 μακρά
730 2662 839 2702 Rob.

400 2732 496 2784 716.
518 2730 641 2784 νίκην]
663 2730 771 2778 δίκην
790 2727 902 2768 varia
921 2727 1039 2768 lectio
1058 2727 1170 2783 apud
1192 2726 1458 2768 scholiastam.

400 2810 495 2853 719.
527 2795 705 2849 ἐκφύγοι]
737 2793 1004 2835 Scribendum
1037 2794 1219 2846 ἐκφύγοις
1246 2807 1297 2833 ex
1318 2794 1381 2832 M.
1403 2793 1443 2832 in
1464 2808 1547 2848 quo
1573 2809 1610 2833 01.
1635 2807 1774 2847 super-

342 2865 552 2920 scriptum.
615 2861 800 2903 Tertiam
821 2874 1031 2916 personam
1053 2859 1241 2901 secundae
1261 2859 1556 2914 hujusmodi'in
1576 2859 1671 2900 locis
1690 2874 1773 2900 non

343 2946 434 2971 raro
457 2929 756 2971 substituerunt
776 2927 950 2969 librarii:
983 2927 1035 2968 de
1054 2941 1138 2981 quo
1155 2925 1241 2966 dixi
1259 2925 1312 2966 ad
1336 2925 1463 2982 Soph.
1484 2926 1605 2981 Ajac.
1623 2938 1714 2980 155.
