1898 3256
373 242 454 284 146
841 243 1334 284 ANNOTATIONES

370 363 480 394 trum
499 353 651 409 positis.
711 354 790 395 Sed
822 354 941 409 longe
970 353 1220 409 probabilius
1240 351 1402 394 videtur
1419 351 1496 392 levi
1523 352 1642 392 unius
1670 351 1798 393 literae

369 419 594 461 mutatione
626 420 731 461 duos
764 420 972 461 dochmios
1004 435 1089 461 esse
1126 418 1396 461 restituendos
1432 421 1503 460 ποῖ
1531 417 1562 458 δ’
1596 418 1653 459 ἔτι
1684 417 1799 460 τέλος

370 487 501 537 ἐπάξει
522 488 632 534 θεός;
666 486 686 528 ἓ
706 487 726 528 ἒ
745 487 764 528 ἒ
785 488 817 528 ἔ.

429 553 522 607 158.
553 552 782 606 ἀκροβόλων
812 554 843 595 δ’
869 554 1069 604 ἐπάλξεων
1098 555 1211 595 λιθὰς
1239 551 1408 606 ἔρχεται]
1436 551 1564 591 Recte
1594 549 1800 590 Heathius

367 619 566 661 intellexit
587 620 756 662 imbrem
787 620 993 676 lapideum
1023 620 1075 660 ab
1095 619 1279 660 hostibus
1307 618 1347 658 in
1379 631 1538 658 summa
1565 631 1799 672 propugna-

367 686 460 727 cula
492 686 671 728 missum.
733 689 834 728 Post
867 688 1020 741 ἔρχεται
1049 694 1263 735 commate,
1297 693 1390 740 post
1419 683 1448 724 ‹T›
1480 682 1563 736 φίλ’
1589 682 1798 724 Ἀπολλον

366 752 455 793 colo
475 762 534 794 est
554 753 904 809 distinguendum.

428 831 519 873 159.
547 819 647 874 φίλ’]
669 820 821 872 φίλτατ’
844 820 954 861 Rob.
986 821 1136 860 Versus
1155 818 1196 859 in
1217 818 1317 859 Ald.
1339 818 1395 859 sic
1415 817 1531 858 divisi
1552 817 1582 858 ὦ
1602 815 1744 870 φίλ’-
1768 815 1775 871 Ι

365 886 681 939 χαλκοδέτων-
706 886 713 941 Ι
738 888 1124 939 πολεμόκραντον-
1148 884 1156 941 Ι
1179 884 1392 937 μάκαιρ’-
1417 884 1423 941 Ι
1450 885 1672 925 ἑπτάπυλον
1687 906 1744 914 ---
1767 883 1774 939 Ι

367 953 409 993 ἰὼ
449 952 661 993 τέλειοι-
686 953 693 1009 Ι
718 955 898 994 πόλιν-
922 952 929 1009 Ι
956 954 1091 994 κλύετε
1122 951 1386 1005 παρθένων-
1412 951 1418 1007 Ι
1444 950 1744 1006 χειροτόνους-
1768 951 1775 1007 Ι

364 1018 604 1071 λυτήριοι-.

427 1087 520 1126 160.
558 1087 725 1137 κόναβος
755 1087 798 1126 ἐν
826 1087 966 1128 πύλαις
996 1085 1246 1138 χαλκοδέτων
1279 1084 1447 1138 σακέων]
1477 1085 1604 1124 Hunc
1635 1098 1796 1124 versum

367 1151 499 1192 versui
524 1153 616 1207 158.
639 1153 870 1205 ἀκροβόλων
890 1151 920 1192 δ’
943 1151 1145 1202 ἐπάλξεων
1163 1153 1274 1194 λιθὰς
1295 1151 1449 1203 ἔρχεται
1469 1159 1574 1190 recte
1598 1149 1799 1206 praeponit

368 1217 553 1259 Bothius.

427 1286 518 1326 161.
542 1285 811 1326 Scribendum

593 1353 864 1394 xalAtdfflev*
908 1370 932 1395 ιιι
975 1370 999 1395 ιιι
1046 1370 1070 1395 se
1110 1371 1134 1396 a:
1178 1370 1202 1395 ,ιι
1246 1370 1270 1394 εκ
1313 1370 1337 1395 ὴὲ
1383 1370 1408 1394 εκ

591 1417 908 1470 πολεμόκραντον
926 1418 1050 1471 ἁγνὸν
1069 1418 1183 1461 τέλος
1204 1420 1247 1459 ἐν
1264 1419 1422 1471 μάχαις,

364 1483 542 1524 indicata
573 1484 719 1525 lacuna
752 1492 814 1525 tot
851 1484 1098 1539 syllabarum
1130 1494 1232 1540 quot
1265 1484 1314 1524 ad
1355 1484 1604 1540 explendum
1637 1499 1796 1525 versum

364 1549 585 1592 dimetrum
623 1550 905 1592 dochmiacum
943 1566 1048 1607 opus
1085 1561 1156 1592 est.
1217 1552 1325 1591 Nam
1363 1550 1513 1606 aliqua,
1551 1560 1592 1591 et
1629 1551 1797 1592 fortasse

363 1616 484 1672 plura
513 1616 615 1658 adeo
640 1631 765 1673 quam
800 1617 923 1658 modo
953 1618 1201 1669 dicebamus,
1230 1618 1296 1659 hic
1329 1617 1523 1658 excidisse
1551 1626 1592 1658 et
1621 1626 1795 1658 metrum

363 1684 500 1740 arguit
519 1691 562 1725 et,
580 1685 778 1726 sententia
797 1685 957 1726 defecta
977 1685 1109 1726 docet.
1158 1685 1295 1726 Verba
1324 1685 1386 1725 καὶ
1414 1683 1558 1725 Διόθεν
1588 1693 1724 1724 utrum
1754 1683 1797 1724 in

363 1751 479 1792 initio
508 1766 648 1792 versus
676 1766 728 1792 an
758 1751 893 1792 medio
921 1751 962 1792 in
989 1766 1108 1792 versu
1136 1751 1330 1792 collocata
1360 1750 1513 1791 fuerint
1544 1764 1622 1791 non
1639 1750 1793 1806 liquet.

366 1819 451 1859 Pro
470 1818 533 1859 his
564 1820 606 1860 ἐκ
635 1817 763 1860 διόθεν
783 1818 977 1874 scriptum
1005 1818 1133 1859 edidit
1159 1817 1268 1858 Rob.
1320 1817 1454 1858 Verba
1482 1815 1797 1869 πολεμόκραντον

366 1883 679 1937 (πολεμόκρατον
705 1884 790 1926 duo
816 1885 956 1940 codd.)
987 1894 1095 1926 recte
1115 1885 1317 1940 explicare
1337 1883 1528 1924 videntur
1558 1883 1795 1934 scholiastae,

365 1962 565 2007 quantum
591 1952 777 2007 judicare
804 1951 897 1993 licet
923 1951 1058 1992 verbis
1086 1951 1412 2007 praecedentibus
1439 1950 1607 2000 amissis,
1639 1952 1722 1992 ἐπεὶ
1751 1952 1797 1992 οὗ

363 2018 500 2070 μιαρὸς
529 2020 550 2058 ὁ
581 2020 624 2058 ἐν
649 2018 807 2073 πολέμῳ
837 2017 975 2071 φόνος,
1005 2019 1128 2072 ἁγνὸν
1154 2019 1267 2061 τέλος
1296 2018 1386 2070 ἔφη.
1418 2018 1501 2059 ἐπεὶ
1527 2019 1564 2059 οῖ
1589 2019 1798 2069 πολεμίους

365 2086 662 2127 ἀποκτείναντες
682 2086 846 2137 καθαροί
863 2087 938 2126 εἰσι
957 2089 1112 2137 μᾶλλον
1131 2085 1154 2136 ἢ
1174 2087 1211 2125 οἱ
1231 2086 1371 2137 φίλους
1391 2083 1610 2127 ἀνελόντες.

423 2153 515 2205 163.
545 2151 660 2193 τέλος
680 2152 723 2191 ἐν
741 2152 893 2204 μάχαις.
927 2153 977 2193 σύ
996 2169 1039 2193 τε
1061 2151 1213 2204 μάκαιρ’
1234 2153 1509 2192 Hermannus.
1558 2151 1796 2207 Legebatur

363 2217 490 2261 τέλος.
522 2219 566 2258 ἐν
583 2217 752 2270 μάχαισί
768 2235 811 2258 τε
829 2218 994 2270 μάκαιρ’.

425 2285 515 2333 164.
540 2283 686 2338 Ὄγκα]
717 2284 863 2339 Aliqui
892 2300 916 2325 a
942 2285 1032 2326 vico
1062 2285 1234 2325 Boeotiae
1265 2285 1382 2325 Onca
1409 2284 1616 2325 nominato
1644 2284 1794 2326 dictam

363 2351 520 2392 volunt.
553 2350 688 2392 Schol.
708 2351 830 2392 Pind.
845 2351 1011 2407 Olymp.
1029 2363 1065 2401 2,
1081 2353 1148 2403 48.
1163 2351 1351 2404 Ἀγαλμα
1370 2351 1581 2394 Παλλάδος
1601 2353 1621 2391 ὁ
1642 2351 1796 2403 Κάδμος

366 2420 546 2470 ἱδρύσατο
576 2420 620 2458 ἐν
642 2417 820 2471 Ὄγκαις,
854 2420 958 2474 κώμῃ
984 2421 1048 2469 τῆς
1074 2419 1267 2461 Βοιωτίας.
1311 2417 1480 2471 Ὀγκαία
1506 2419 1574 2459 οὖν
1598 2419 1622 2469 ἡ
1646 2417 1796 2468 Ἀθηνᾶ

364 2488 528 2536 τιμᾶται.
570 2484 811 2526 Scholiastes
830 2486 887 2526 A.
908 2485 961 2526 ad
991 2485 1101 2526 hunc
1121 2485 1278 2526 locum:
1311 2485 1371 2526 διὸ
1391 2486 1454 2526 καὶ
1473 2486 1524 2528 ὡς
1544 2486 1586 2526 ἐκ
1605 2485 1796 2526 Φοινίκων

366 2551 602 2605 κατηγμένος
634 2551 788 2604 Ὄγκαν
828 2551 999 2603 Ἀθηνᾶν
1036 2554 1140 2604 παρὰ
1174 2553 1367 2603 Θηβαίοις
1405 2554 1587 2603 τιμᾶσθαι
1622 2552 1793 2601 ε’ποίησε.

365 2619 517 2659 Recte:
549 2618 606 2659 ita
626 2627 791 2659 veteres.
852 2618 1097 2673 Stephanus,
1111 2617 1244 2671 Ὄγκα
1268 2619 1292 2669 ἡ
1315 2617 1464 2669 Ἀθηνᾶ
1483 2620 1580 2659 κατὰ
1599 2619 1794 2660 Φοίνικας.

366 2686 482 2726 Male
509 2685 637 2741 igitur
664 2685 772 2726 idem
797 2685 1027 2726 scholiastes
1046 2699 1184 2726 vocem
1200 2700 1284 2726 esse
1305 2684 1546 2740 AEgyptiam
1567 2683 1680 2735 dicit,
1698 2698 1792 2724 cum

367 2751 589 2793 Pausanias
618 2766 658 2806 9,
693 2765 759 2803 12,
787 2764 824 2794 2.
861 2767 910 2792 ex
940 2752 1017 2793 hoc
1045 2751 1134 2807 ipso
1162 2751 1251 2792 deae
1282 2751 1445 2792 nomine
1477 2750 1681 2792 Cadmum
1712 2764 1793 2790 non

368 2818 634 2874 AEgyptium,
665 2819 735 2859 sed
766 2819 1000 2859 Phoenicem
1034 2818 1159 2859 fuisse
1186 2818 1353 2874 probet:
1386 2822 1467 2861 τοῖς
1496 2818 1715 2868 νομίζουσιν
1741 2817 1796 2859 εἰς

365 2887 439 2937 γῆν
470 2885 681 2937 ἀφικέσθαι
716 2885 873 2936 Κάδμον
902 2885 972 2935 τὴν
1006 2884 1191 2936 Θηβαΐδα
1224 2886 1434 2938 Αἰγύπτιον
1465 2884 1527 2925 καὶ
1557 2883 1602 2924 οὗ
1632 2884 1796 2924 Φοίνικα

366 2952 461 2992 ὄντα
491 2953 599 2993 ἐστὶν
627 2953 806 2993 ἐναντίον
835 2954 886 3008 τῷ
913 2952 1021 3007 λόγῳ
1050 2955 1115 3003 τῆς
1138 2953 1305 3004 Ἀθηνᾶς
1335 2953 1471 3003 ταύτης
1501 2951 1545 2992 τὸ
1574 2952 1710 3002 ὄνομα,
1741 2951 1800 2990 ὅτι
