1898 3256
335 204 419 245 232
804 206 1298 247 ANNOTATIONES

334 315 474 357 sedilia
493 316 682 371 quaedam
703 316 920 365 sternebat,
942 316 1097 357 cladem
1121 315 1274 356 Xerxis
1295 315 1495 356 narrabat.
1534 314 1765 356 Exordium

332 392 468 424 autem
490 381 726 437 hujusmodi
745 391 843 432 erat,

557 448 653 490 Τάδ’
674 449 759 490 ἐστὶ
779 452 947 501 Περσῶν
965 451 1042 488 τῶν
1060 447 1184 489 πάλαι
1202 448 1445 499 βεβηκότων.

333 515 438 556 Erat
458 523 609 565 autem,
631 515 672 556 ni
691 516 825 566 fallor,
847 514 1060 556 eunuchus
1079 514 1154 555 iste
1176 529 1330 563 servus,
1353 528 1404 554 ex
1433 528 1575 554 eorum
1603 529 1764 569 genere,

333 581 406 636 qui
426 586 592 634 στρῶται
610 582 865 632 dicebantur,
885 581 937 622 de
957 580 1108 636 quibus
1120 580 1289 635 insignis
1308 589 1369 621 est
1387 580 1581 621 Athenaei
1600 579 1712 621 locus
1729 593 1766 622 2.

332 662 374 704 p.
387 648 457 700 48.
472 649 522 689 C.
545 652 701 701 Πρῶτοι
721 650 763 689 δὲ
778 648 944 701 Πέρσαι,
963 648 1014 690 ὥς
1029 653 1152 700 φησιν
1171 646 1442 699 Ἡρακλείδης,
1466 647 1527 687 καὶ
1546 646 1634 689 τοὺς
1652 651 1767 699 λεγο-

331 713 473 765 μένους
496 716 674 767 Στρῶτας
700 716 878 768 ἐφεῦρον,
899 716 964 756 ἵνα
984 717 1131 767 κόσμον
1151 715 1223 770 ἔχῃ
1248 715 1271 765 ἡ
1293 718 1459 767 στρῶσις
1484 713 1545 754 καὶ
1565 713 1765 766 εὐάφειαν.

332 780 403 822 τὸν
422 781 491 821 οὖν
513 784 642 833 Κρῆτα
661 780 898 834 Τιμαγόραν,
919 781 943 832 ἢ
971 782 1040 822 τὸν
1060 783 1102 822 ἐκ
1128 783 1316 833 Γόρτυνος
1345 781 1412 834 (ὥς
1441 786 1539 834 φησι
1568 781 1717 823 Φανίας
1745 781 1767 820 ὁ

333 847 654 900 Περιπατητικὸς)
674 846 874 899 Ἔντιμον,
898 847 941 891 δς
971 849 1070 903 ζήλῳ
1092 847 1406 899 Θεμιστοκλέους
1425 847 1548 898 ἀνέβη
1569 848 1620 889 ὡς
1646 852 1765 898 βασι-

332 913 420 961 λέα,
448 918 565 965 τιμῶν
583 912 837 967 Ἀρταξέρξης
860 914 1007 965 σκηνὴν
1034 915 1107 965 μὲν
1134 914 1274 955 ἔδωκεν
1302 915 1401 969 αὐτῷ
1429 913 1693 966 διαφέρουσαν
1722 912 1766 954 τὸ

334 980 480 1023 κάλλος
499 980 562 1021 καὶ
582 980 625 1021 τὸ
644 980 809 1033 μέγεθος
824 981 886 1021 καὶ
901 981 1037 1032 κλίνην
1052 981 1307 1032 ἀργυρόποδα,
1331 981 1484 1033 ἔπεμψε
1504 982 1546 1020 δὲ
1566 981 1628 1021 καὶ
1647 981 1767 1032 στρώ-

331 1064 435 1098 ματα
463 1050 659 1097 πολυτελῆ
692 1047 754 1087 καὶ
783 1047 853 1088 τὸν
885 1047 1203 1099 ὑποστρώσοντα,
1239 1046 1403 1099 φάσκων
1431 1047 1498 1087 οὐκ
1532 1046 1766 1087 ἐπίστασθαι

332 1113 420 1155 τοὺς
434 1111 638 1164 Ἕλληνας
656 1113 978 1165 ὑποστρωννύειν.
1038 1112 1164 1153 Unde
1193 1112 1336 1169 liquet,
1357 1122 1483 1153 artem
1512 1112 1651 1153 sedilia
1670 1121 1768 1153 ster-

333 1179 470 1230 nendi,
492 1194 587 1235 quae
608 1179 810 1220 Homerib
832 1188 951 1221 aetate
971 1179 1113 1220 rudior
1131 1188 1232 1229 erat,
1253 1179 1496 1235 peculiarem
1521 1178 1634 1235 apud
1664 1180 1764 1219 Per-

332 1260 395 1286 sas
424 1259 586 1286 servum
613 1244 852 1301 postulasse.
910 1246 1000 1286 Nec
1022 1245 1182 1295 dubito,
1204 1245 1303 1301 quin
1324 1245 1433 1301 ipsas
1450 1259 1582 1294 voceS,
1605 1244 1767 1297 στορνὺς

333 1313 508 1365 θρόνους,
529 1327 632 1367 quas
659 1326 710 1352 ex
733 1311 894 1352 Glauco
914 1311 1032 1352 affert
1053 1311 1369 1361 Grammaticus,
1390 1311 1476 1367 ipse
1506 1310 1767 1367 Phrynichus

332 1378 604 1433 usurpaverit.
665 1378 717 1419 In
738 1379 862 1432 θρόνῳ
882 1377 1003 1427 enim,
1026 1392 1096 1418 seu
1127 1379 1248 1433 δίφρῳ
1278 1378 1463 1428 insidere,
1479 1377 1591 1433 apud
1622 1378 1767 1418 Persas

331 1444 541 1501 dignitatis
573 1444 767 1486 indicium
800 1454 898 1485 erat.
949 1444 1155 1485 Herodot.
1190 1457 1231 1499 3,
1270 1457 1363 1497 144.
1394 1449 1471 1486 τῶν
1505 1443 1696 1497 Περσέων
1730 1445 1768 1484 οἱ

330 1512 519 1553 πλείστου
548 1510 648 1562 ἄξιοι
673 1512 834 1564 θρόνους
860 1511 1016 1563 θέμενοι
1045 1512 1294 1552 κατεναντίον
1324 1513 1390 1562 τῆς
1416 1511 1648 1563 ἀκροπόλιος
1678 1511 1764 1550 ἐκα-

332 1578 458 1620 τέατο.
489 1587 531 1619 et
554 1578 652 1619 ibid.
678 1579 769 1631 146.
795 1581 871 1619 τῶν
897 1577 1088 1630 Περσέων
1116 1577 1203 1620 τοὺς
1229 1576 1607 1630 διφροφορευμένους
1634 1594 1677 1618 τε
1707 1577 1769 1618 καὶ

328 1646 451 1698 λόγου
476 1646 664 1686 πλείστου
694 1645 830 1688 ἐόντας
858 1645 1042 1686 ἔκτεινον.
1102 1643 1257 1694 Quinto
1275 1653 1366 1699 post
1391 1643 1616 1699 Phrynichi
1643 1643 1767 1684 Phoe-

330 1711 457 1752 nissas
475 1726 582 1752 anno
603 1712 748 1752 Persas
767 1710 907 1752 docuit
927 1711 1153 1767 AEschylus
1181 1711 1374 1752 archonte
1394 1711 1590 1761 Menone,
1611 1710 1766 1766 olymp.

333 1779 402 1832 76,
424 1792 464 1830 4.
485 1787 526 1819 et
546 1792 735 1819 coronam
757 1777 919 1827 meruit,
938 1787 984 1818 ut
1002 1777 1055 1818 ab
1078 1777 1271 1833 scriptore
1299 1778 1529 1833 argumenti
1558 1777 1764 1834 proditum

331 1854 406 1895 est,
440 1844 531 1886 Ἐπὶ
570 1844 759 1887 Μένωνος
796 1847 1002 1899 τραγῳδῶν
1033 1846 1233 1898 Αἰσχύλος
1273 1846 1381 1886 ἐνίκα
1418 1849 1542 1896 Φινεῖ,
1578 1845 1765 1897 Πέρσαις,

333 1913 492 1967 Γλαύκῳ
516 1916 692 1962 Ποτνιεῖ,
714 1914 956 1964 Προμηθεῖῦ.
990 1910 1102 1952 Hinc
1116 1920 1252 1952 autem
1273 1912 1426 1952 factum
1446 1920 1520 1961 est,
1542 1922 1588 1952 ut
1607 1911 1766 1966 opinor,

331 1978 446 2034 quod
463 1978 569 2026 inter
589 1977 815 2034 Phrynichi
836 1977 1053 2033 tragoedias
1073 1988 1331 2019 recensentur
1349 1978 1460 2034 apud
1484 1977 1651 2019 Suidam
1673 1978 1767 2018 Φοί-

332 2062 468 2087 νισσαι
496 2054 536 2086 et
568 2044 738 2097 Πέρσαι,
768 2059 943 2100 quarum
972 2043 1041 2085 illa
1070 2044 1311 2100 Phrynichi,
1342 2045 1429 2085 haec
1460 2044 1646 2101 AEschyli
1672 2043 1764 2094 fuit,

332 2111 472 2152 similis
491 2110 736 2167 argumenti,
758 2110 887 2151 titulis
907 2120 1064 2151 tantum
1086 2110 1331 2160 differentes,
1353 2111 1385 2151 si
1406 2125 1546 2151 verum
1569 2111 1632 2159 sit,
1653 2111 1767 2166 quod

332 2178 456 2219 tradit
477 2177 663 2219 Glaucus
685 2176 798 2232 apud
823 2177 1053 2232 argumenti
1079 2187 1298 2228 auctorem,
1321 2177 1512 2233 AEschyli
1543 2179 1689 2218 Persas
1713 2191 1765 2217 ex

332 2243 559 2300 Phrynichi
580 2242 801 2284 Phoenissis
817 2246 1167 2295 παραπεποιῆσθαι.
1214 2244 1295 2285 Sed
1316 2244 1412 2284 nihil
1434 2243 1547 2285 aliud
1568 2243 1767 2299 significat

330 2325 455 2367 quam
483 2309 729 2366 AEschylum
755 2308 897 2350 eodem
927 2309 1012 2351 fere
1042 2310 1164 2351 modo
1183 2325 1267 2366 quo
1294 2310 1577 2367 Phrynichum
1609 2310 1765 2351 Xerxis

330 2377 485 2419 cladem
506 2393 581 2434 per
598 2386 849 2418 narratorem
863 2385 958 2417 ante
972 2386 1244 2432 spectatorum
1260 2379 1398 2419 oculos
1412 2377 1606 2434 posuisse.
1637 2378 1765 2417 Nam-

331 2460 412 2502 que
441 2445 609 2501 insignis
634 2453 694 2485 est
713 2443 819 2484 inter
847 2442 952 2483 duos
980 2452 1166 2485 auctores
1185 2443 1394 2486 diversitas
1423 2444 1476 2485 ab
1495 2443 1584 2499 ipso
1605 2443 1767 2484 Glauco

331 2521 668 2554 commemorata:
701 2510 814 2566 quod
843 2511 956 2566 apud
980 2511 1263 2567 Phrynichum
1294 2511 1335 2551 in
1365 2510 1454 2567 ipso
1472 2509 1624 2551 fabulae
1652 2509 1768 2551 initio

332 2579 511 2620 narratio
536 2579 589 2620 ab
615 2578 805 2619 eunucho
831 2578 940 2619 facta
963 2578 1029 2628 sit,
1050 2578 1161 2634 apud
1184 2578 1428 2634 AEschylum
1450 2593 1556 2628 vero,
1585 2591 1666 2618 non
1692 2576 1768 2617 nisi

333 2658 426 2702 post
445 2646 557 2688 chori
587 2645 765 2687 nobilem
784 2653 949 2686 cantum
979 2654 1020 2686 et
1039 2644 1286 2700 colloquium
1307 2645 1396 2700 ejus
1414 2659 1507 2686 cum
1529 2645 1695 2694 Atossa,
1716 2643 1768 2684 de

377 2758 395 2783 b
412 2757 527 2799 Odyss.
542 2761 577 2788 Τ.
593 2763 646 2798 97.
662 2755 830 2797 Εὐρυνόμη,
846 2755 921 2797 φέρε
937 2755 974 2793 δὴ
989 2755 1097 2797 δίφρον
1111 2756 1161 2788 καὶ
1176 2759 1255 2788 κῶας
1271 2756 1316 2787 ἐπ’
1328 2757 1431 2787 αὐτοῦ.

377 2817 393 2835 c
410 2809 580 2851 Προμηθεῖ]
599 2810 637 2840 Id
651 2816 698 2841 est
714 2810 870 2850 Προμηθεῖ
880 2808 1042 2850 πυρφόρῳε
1064 2811 1103 2842 de
1113 2820 1175 2851 quo
1189 2810 1254 2841 dixi
1270 2810 1304 2841 in
1319 2809 1523 2841 annotatione
1537 2809 1577 2839 ad
1591 2808 1768 2848 fragmenta

334 2863 431 2903 hujus
446 2864 571 2896 fabulae.
596 2864 637 2895 G.
649 2863 870 2895 DINDORF.
