<?xml version="1.0" encoding="UTF-8"?>
<!DOCTYPE html PUBLIC "-//W3C//DTD XHTML 1.0 Transitional//EN"
    "http://www.w3.org/TR/xhtml1/DTD/xhtml1-transitional.dtd">
<html xmlns="http://www.w3.org/1999/xhtml" xml:lang="en" lang="en">
 <head>
  <title>
</title>
<meta http-equiv="Content-Type" content="text/html;charset=utf-8" />
  <meta name='ocr-system' content='tesseract 3.04.00' />
  <meta name='ocr-capabilities' content='ocr_page ocr_carea ocr_par ocr_line ocrx_word'/>
</head>
<body>
  <div class='ocr_page' id='page_1' title='image "./tragoediaesupers02aescuoft_0191.png"; bbox 0 0 1898 3256; ppageno 0'>
   <div class='ocr_carea' id='block_1_1' title="bbox 358 248 1622 296">
    <p class='ocr_par' dir='ltr' id='par_1_1' title="bbox 358 248 1622 296">
     <span class='ocr_line' id='line_1_1' title="bbox 358 248 1622 296; baseline -0.004 0"><span class='ocrx_word' id='word_1_1' title='bbox 358 254 448 296; x_wconf 92' lang='lat' dir='ltr'>AD</span> <span class='ocrx_word' id='word_1_2' title='bbox 482 251 737 296; x_wconf 88' lang='lat' dir='ltr'>SEPTEM</span> <span class='ocrx_word' id='word_1_3' title='bbox 769 249 1100 292; x_wconf 89' lang='lat' dir='ltr'>ADVERSUS</span> <span class='ocrx_word' id='word_1_4' title='bbox 1134 249 1404 290; x_wconf 89' lang='lat' dir='ltr'>THEBAS.</span> <span class='ocrx_word' id='word_1_5' title='bbox 1536 248 1622 291; x_wconf 82' lang='lat'>187</span> 
     </span>
    </p>
   </div>
   <div class='ocr_carea' id='block_1_2' title="bbox 153 358 1643 3128">
    <p class='ocr_par' dir='ltr' id='par_1_2' title="bbox 153 358 1643 3128">
     <span class='ocr_line' id='line_1_2' title="bbox 153 358 1623 422; baseline -0.007 -12"><span class='ocrx_word' id='word_1_6' title='bbox 153 370 229 422; x_wconf 77' lang='grc' dir='ltr'>γὰρ</span> <span class='ocrx_word' id='word_1_7' title='bbox 249 366 451 409; x_wconf 83' lang='lat' dir='ltr'>sententia</span> <span class='ocrx_word' id='word_1_8' title='bbox 469 364 689 419; x_wconf 87' lang='lat' dir='ltr'>admittit),</span> <span class='ocrx_word' id='word_1_9' title='bbox 710 362 823 420; x_wconf 90' lang='lat' dir='ltr'>quod</span> <span class='ocrx_word' id='word_1_10' title='bbox 845 361 918 404; x_wconf 84' lang='lat' dir='ltr'>diu</span> <span class='ocrx_word' id='word_1_11' title='bbox 940 361 1060 404; x_wconf 91' lang='lat' dir='ltr'>latuit</span> <span class='ocrx_word' id='word_1_12' title='bbox 1082 360 1124 402; x_wconf 93' lang='lat' dir='ltr'>in</span> <span class='ocrx_word' id='word_1_13' title='bbox 1142 359 1440 417; x_wconf 80' lang='lat' dir='ltr'>Aristophanis</span> <span class='ocrx_word' id='word_1_14' title='bbox 1456 358 1623 401; x_wconf 88' lang='lat' dir='ltr'>Avibus</span> 
     </span>
     <span class='ocr_line' id='line_1_3' title="bbox 153 426 1439 491; baseline -0.005 -16"><span class='ocrx_word' id='word_1_15' title='bbox 153 450 191 476; x_wconf 93' lang='lat' dir='ltr'>v.</span> <span class='ocrx_word' id='word_1_16' title='bbox 216 447 282 491; x_wconf 82' lang='lat'>23.</span> <span class='ocrx_word' id='word_1_17' title='bbox 305 435 371 476; x_wconf 90' lang='lat' dir='ltr'>cui</span> <span class='ocrx_word' id='word_1_18' title='bbox 392 449 528 491; x_wconf 90' lang='lat' dir='ltr'>nuper</span> <span class='ocrx_word' id='word_1_19' title='bbox 548 431 710 474; x_wconf 86' lang='lat' dir='ltr'>restitui</span> <span class='ocrx_word' id='word_1_20' title='bbox 730 427 978 488; x_wconf 82' lang='lat' dir='ltr'>exemplaris</span> <span class='ocrx_word' id='word_1_21' title='bbox 997 427 1254 471; x_wconf 83' lang='lat' dir='ltr'>Ravennatis</span> <span class='ocrx_word' id='word_1_22' title='bbox 1273 426 1439 470; x_wconf 89' lang='lat' dir='ltr'>indicio.</span> 
     </span>
     <span class='ocr_line' id='line_1_4' title="bbox 212 500 968 559; baseline -0.005 -16"><span class='ocrx_word' id='word_1_23' title='bbox 212 503 291 543; x_wconf 89' lang='lat' dir='ltr'>IV.</span> <span class='ocrx_word' id='word_1_24' title='bbox 326 501 550 559; x_wconf 89' lang='lat' dir='ltr'>Sophocles</span> <span class='ocrx_word' id='word_1_25' title='bbox 570 500 788 557; x_wconf 88' lang='lat' dir='ltr'>Antigona</span> <span class='ocrx_word' id='word_1_26' title='bbox 807 514 848 540; x_wconf 93' lang='lat' dir='ltr'>v.</span> <span class='ocrx_word' id='word_1_27' title='bbox 872 510 968 552; x_wconf 87' lang='lat'>747.</span> 
     </span>
     <span class='ocr_line' id='line_1_5' title="bbox 283 563 1198 622; baseline -0.008 -10"><span class='ocrx_word' id='word_1_28' title='bbox 283 575 286 576; x_wconf 46' lang='lat'><em>⁷</em></span> <span class='ocrx_word' id='word_1_29' title='bbox 325 571 394 612; x_wconf 79' lang='grc' dir='ltr'>οὐκ</span> <span class='ocrx_word' id='word_1_30' title='bbox 415 570 464 611; x_wconf 81' lang='grc' dir='ltr'>ἂν</span> <span class='ocrx_word' id='word_1_31' title='bbox 486 570 594 613; x_wconf 81' lang='grc' dir='ltr'>ἕλοις</span> <span class='ocrx_word' id='word_1_32' title='bbox 612 570 727 621; x_wconf 86' lang='grc' dir='ltr'>ἥσσω</span> <span class='ocrx_word' id='word_1_33' title='bbox 747 585 795 622; x_wconf 86' lang='grc' dir='ltr'>γε</span> <span class='ocrx_word' id='word_1_34' title='bbox 815 571 893 608; x_wconf 81' lang='grc' dir='ltr'>τῶν</span> <span class='ocrx_word' id='word_1_35' title='bbox 914 568 1093 620; x_wconf 78' lang='grc' dir='ltr'>αἰσχρῶν</span> <span class='ocrx_word' id='word_1_36' title='bbox 1115 563 1198 616; x_wconf 82' lang='grc' dir='ltr'><strong>ἐμέ.</strong></span> 
     </span>
     <span class='ocr_line' id='line_1_6' title="bbox 154 630 1623 694; baseline -0.005 -15"><span class='ocrx_word' id='word_1_37' title='bbox 154 636 294 694; x_wconf 84' lang='lat' dir='ltr'>Vulgo</span> <span class='ocrx_word' id='word_1_38' title='bbox 313 637 384 679; x_wconf 85' lang='grc' dir='ltr'>οὐκ</span> <span class='ocrx_word' id='word_1_39' title='bbox 404 638 454 679; x_wconf 80' lang='grc' dir='ltr'>ἄν</span> <span class='ocrx_word' id='word_1_40' title='bbox 474 636 523 691; x_wconf 88' lang='grc' dir='ltr'>γ’.</span> <span class='ocrx_word' id='word_1_41' title='bbox 555 654 604 690; x_wconf 91' lang='grc' dir='ltr'>γε</span> <span class='ocrx_word' id='word_1_42' title='bbox 624 644 733 678; x_wconf 89' lang='lat' dir='ltr'>recte</span> <span class='ocrx_word' id='word_1_43' title='bbox 753 635 894 677; x_wconf 87' lang='lat' dir='ltr'>abesse</span> <span class='ocrx_word' id='word_1_44' title='bbox 914 634 967 675; x_wconf 90' lang='lat' dir='ltr'>ab</span> <span class='ocrx_word' id='word_1_45' title='bbox 987 633 1095 675; x_wconf 89' lang='lat' dir='ltr'>libro</span> <span class='ocrx_word' id='word_1_46' title='bbox 1116 633 1374 689; x_wconf 81' lang='lat' dir='ltr'>Augustam)</span> <span class='ocrx_word' id='word_1_47' title='bbox 1393 630 1489 673; x_wconf 92' lang='lat' dir='ltr'>olim</span> <span class='ocrx_word' id='word_1_48' title='bbox 1505 630 1623 687; x_wconf 89' lang='lat' dir='ltr'>judi-</span> 
     </span>
     <span class='ocr_line' id='line_1_7' title="bbox 154 697 1626 760; baseline -0.005 -13"><span class='ocrx_word' id='word_1_49' title='bbox 154 705 260 757; x_wconf 86' lang='lat' dir='ltr'>cavi,</span> <span class='ocrx_word' id='word_1_50' title='bbox 299 706 683 760; x_wconf 88' lang='lat' dir='ltr'>confirmaruntque</span> <span class='ocrx_word' id='word_1_51' title='bbox 722 702 966 744; x_wconf 87' lang='lat' dir='ltr'>sententiam</span> <span class='ocrx_word' id='word_1_52' title='bbox 1009 708 1192 742; x_wconf 88' lang='lat' dir='ltr'>nostram</span> <span class='ocrx_word' id='word_1_53' title='bbox 1232 700 1395 742; x_wconf 90' lang='lat' dir='ltr'>codices</span> <span class='ocrx_word' id='word_1_54' title='bbox 1435 697 1626 741; x_wconf 84' lang='lat' dir='ltr'>Elmsleii</span> 
     </span>
     <span class='ocr_line' id='line_1_8' title="bbox 155 760 1627 831; baseline -0.005 -16"><span class='ocrx_word' id='word_1_55' title='bbox 155 781 367 831; x_wconf 88' lang='lat' dir='ltr'>quattuor.</span> <span class='ocrx_word' id='word_1_56' title='bbox 430 771 571 814; x_wconf 86' lang='lat' dir='ltr'>Facile</span> <span class='ocrx_word' id='word_1_57' title='bbox 591 771 722 828; x_wconf 89' lang='lat' dir='ltr'>igitur</span> <span class='ocrx_word' id='word_1_58' title='bbox 741 770 866 812; x_wconf 86' lang='lat' dir='ltr'>fidem</span> <span class='ocrx_word' id='word_1_59' title='bbox 888 768 1161 820; x_wconf 85' lang='lat' dir='ltr'>inveniemus,</span> <span class='ocrx_word' id='word_1_60' title='bbox 1184 768 1217 810; x_wconf 89' lang='lat' dir='ltr'>si</span> <span class='ocrx_word' id='word_1_61' title='bbox 1237 767 1279 809; x_wconf 91' lang='lat' dir='ltr'>in</span> <span class='ocrx_word' id='word_1_62' title='bbox 1624 760 1627 763; x_wconf 20' lang='grc' dir='ltr'><strong><em>Δ</em></strong></span> 
     </span>
     <span class='ocr_line' id='line_1_9' title="bbox 214 837 1011 898; baseline -0.006 -15"><span class='ocrx_word' id='word_1_63' title='bbox 214 842 267 883; x_wconf 88' lang='lat' dir='ltr'>V.</span> <span class='ocrx_word' id='word_1_64' title='bbox 297 842 617 898; x_wconf 83' lang='lat' dir='ltr'>Agamemnone</span> <span class='ocrx_word' id='word_1_65' title='bbox 638 837 830 896; x_wconf 89' lang='lat' dir='ltr'>AEschyli</span> <span class='ocrx_word' id='word_1_66' title='bbox 851 854 890 880; x_wconf 91' lang='lat' dir='ltr'>v.</span> <span class='ocrx_word' id='word_1_67' title='bbox 912 850 1011 893; x_wconf 82' lang='lat'>341.</span> 
     </span>
     <span class='ocr_line' id='line_1_10' title="bbox 330 904 1158 962; baseline -0.006 -12"><span class='ocrx_word' id='word_1_68' title='bbox 330 909 400 950; x_wconf 81' lang='grc' dir='ltr'>οὐκ</span> <span class='ocrx_word' id='word_1_69' title='bbox 419 909 469 950; x_wconf 85' lang='grc' dir='ltr'>ἄν</span> <span class='ocrx_word' id='word_1_70' title='bbox 487 906 524 962; x_wconf 82' lang='grc' dir='ltr'>γ’</span> <span class='ocrx_word' id='word_1_71' title='bbox 547 908 709 950; x_wconf 80' lang='grc' dir='ltr'>ἑλόντες</span> <span class='ocrx_word' id='word_1_72' title='bbox 729 907 838 949; x_wconf 78' lang='grc' dir='ltr'>αὖθις</span> <span class='ocrx_word' id='word_1_73' title='bbox 857 906 1075 947; x_wconf 81' lang='grc' dir='ltr'>ἀνθαλοῖεν</span> <span class='ocrx_word' id='word_1_74' title='bbox 1095 904 1158 952; x_wconf 83' lang='grc' dir='ltr'>ἄν,</span> 
     </span>
     <span class='ocr_line' id='line_1_11' title="bbox 156 969 1629 1036; baseline -0.005 -16"><span class='ocrx_word' id='word_1_75' title='bbox 156 977 400 1036; x_wconf 88' lang='lat' dir='ltr'>particulam</span> <span class='ocrx_word' id='word_1_76' title='bbox 422 994 471 1031; x_wconf 87' lang='grc' dir='ltr'>γε</span> <span class='ocrx_word' id='word_1_77' title='bbox 490 991 573 1018; x_wconf 88' lang='lat' dir='ltr'>non</span> <span class='ocrx_word' id='word_1_78' title='bbox 594 975 774 1017; x_wconf 89' lang='lat' dir='ltr'>melioris</span> <span class='ocrx_word' id='word_1_79' title='bbox 794 989 920 1031; x_wconf 86' lang='lat' dir='ltr'>quam</span> <span class='ocrx_word' id='word_1_80' title='bbox 935 974 976 1014; x_wconf 89' lang='lat' dir='ltr'>in</span> <span class='ocrx_word' id='word_1_81' title='bbox 1001 970 1207 1030; x_wconf 89' lang='lat' dir='ltr'>Sophocle</span> <span class='ocrx_word' id='word_1_82' title='bbox 1224 980 1334 1013; x_wconf 87' lang='lat' dir='ltr'>notae</span> <span class='ocrx_word' id='word_1_83' title='bbox 1350 986 1437 1012; x_wconf 90' lang='lat' dir='ltr'>esse</span> <span class='ocrx_word' id='word_1_84' title='bbox 1452 969 1629 1012; x_wconf 86' lang='lat' dir='ltr'>affirma-</span> 
     </span>
     <span class='ocr_line' id='line_1_12' title="bbox 159 1039 1631 1097; baseline -0.005 -9"><span class='ocrx_word' id='word_1_85' title='bbox 159 1062 264 1088; x_wconf 91' lang='lat' dir='ltr'>mus.</span> <span class='ocrx_word' id='word_1_86' title='bbox 324 1045 453 1088; x_wconf 87' lang='lat' dir='ltr'>Afuit</span> <span class='ocrx_word' id='word_1_87' title='bbox 483 1045 598 1087; x_wconf 91' lang='lat' dir='ltr'>haud</span> <span class='ocrx_word' id='word_1_88' title='bbox 628 1043 756 1086; x_wconf 90' lang='lat' dir='ltr'>dubie</span> <span class='ocrx_word' id='word_1_89' title='bbox 787 1042 892 1085; x_wconf 88' lang='lat' dir='ltr'>libro</span> <span class='ocrx_word' id='word_1_90' title='bbox 913 1041 1124 1092; x_wconf 91' lang='lat' dir='ltr'>Mediceo‚</span> <span class='ocrx_word' id='word_1_91' title='bbox 1153 1056 1205 1081; x_wconf 86' lang='lat' dir='ltr'>ex</span> <span class='ocrx_word' id='word_1_92' title='bbox 1237 1055 1323 1097; x_wconf 90' lang='lat' dir='ltr'>quo</span> <span class='ocrx_word' id='word_1_93' title='bbox 1353 1039 1444 1081; x_wconf 88' lang='lat' dir='ltr'>haec</span> <span class='ocrx_word' id='word_1_94' title='bbox 1474 1040 1631 1082; x_wconf 84' lang='lat' dir='ltr'>fabulae</span> 
     </span>
     <span class='ocr_line' id='line_1_13' title="bbox 158 1107 1631 1173; baseline -0.005 -17"><span class='ocrx_word' id='word_1_95' title='bbox 158 1129 255 1173; x_wconf 83' lang='lat' dir='ltr'>pars</span> <span class='ocrx_word' id='word_1_96' title='bbox 284 1113 452 1165; x_wconf 87' lang='lat' dir='ltr'>excidit,</span> <span class='ocrx_word' id='word_1_97' title='bbox 474 1113 725 1169; x_wconf 87' lang='lat' dir='ltr'>videturque</span> <span class='ocrx_word' id='word_1_98' title='bbox 747 1110 952 1153; x_wconf 87' lang='lat' dir='ltr'>Triclinio</span> <span class='ocrx_word' id='word_1_99' title='bbox 981 1109 1138 1161; x_wconf 88' lang='lat' dir='ltr'>deberi,</span> <span class='ocrx_word' id='word_1_100' title='bbox 1159 1108 1282 1165; x_wconf 84' lang='lat' dir='ltr'>cujus</span> <span class='ocrx_word' id='word_1_101' title='bbox 1312 1123 1364 1150; x_wconf 85' lang='lat' dir='ltr'>ex</span> <span class='ocrx_word' id='word_1_102' title='bbox 1394 1107 1631 1150; x_wconf 85' lang='lat' dir='ltr'>recensione</span> 
     </span>
     <span class='ocr_line' id='line_1_14' title="bbox 159 1180 890 1237; baseline -0.005 -12"><span class='ocrx_word' id='word_1_103' title='bbox 159 1183 308 1225; x_wconf 88' lang='lat' dir='ltr'>lacuna</span> <span class='ocrx_word' id='word_1_104' title='bbox 327 1181 479 1223; x_wconf 91' lang='lat' dir='ltr'>codicis</span> <span class='ocrx_word' id='word_1_105' title='bbox 498 1181 610 1222; x_wconf 90' lang='lat' dir='ltr'>illius</span> <span class='ocrx_word' id='word_1_106' title='bbox 629 1180 795 1237; x_wconf 88' lang='lat' dir='ltr'>expleta</span> <span class='ocrx_word' id='word_1_107' title='bbox 815 1189 890 1222; x_wconf 89' lang='lat' dir='ltr'>est.</span> 
     </span>
     <span class='ocr_line' id='line_1_15' title="bbox 219 1250 907 1308; baseline -0.006 -14"><span class='ocrx_word' id='word_1_108' title='bbox 219 1253 299 1294; x_wconf 87' lang='lat' dir='ltr'>VI.</span> <span class='ocrx_word' id='word_1_109' title='bbox 332 1250 561 1308; x_wconf 88' lang='lat' dir='ltr'>Euripides</span> <span class='ocrx_word' id='word_1_110' title='bbox 581 1250 725 1292; x_wconf 91' lang='lat' dir='ltr'>Rheso</span> <span class='ocrx_word' id='word_1_111' title='bbox 746 1265 784 1290; x_wconf 77' lang='lat' dir='ltr'>v,</span> <span class='ocrx_word' id='word_1_112' title='bbox 808 1250 907 1304; x_wconf 85' lang='lat'><strong>561.</strong></span> 
     </span>
     <span class='ocr_line' id='line_1_16' title="bbox 334 1317 1018 1373; baseline -0.006 -12"><span class='ocrx_word' id='word_1_113' title='bbox 334 1321 504 1362; x_wconf 88' lang='grc' dir='ltr'>διόλωλε</span> <span class='ocrx_word' id='word_1_114' title='bbox 517 1335 530 1371; x_wconf 84' lang='lat'><em>3</em></span> <span class='ocrx_word' id='word_1_115' title='bbox 561 1318 647 1373; x_wconf 85' lang='grc' dir='ltr'>τάχ’</span> <span class='ocrx_word' id='word_1_116' title='bbox 670 1318 720 1360; x_wconf 83' lang='grc' dir='ltr'>ἂν</span> <span class='ocrx_word' id='word_1_117' title='bbox 741 1319 799 1369; x_wconf 80' lang='grc' dir='ltr'>εἴη</span> <span class='ocrx_word' id='word_1_118' title='bbox 822 1317 1018 1371; x_wconf 87' lang='grc' dir='ltr'>φοβερόν.</span> 
     </span>
     <span class='ocr_line' id='line_1_17' title="bbox 163 1381 1633 1444; baseline -0.005 -14"><span class='ocrx_word' id='word_1_119' title='bbox 163 1388 303 1444; x_wconf 90' lang='lat' dir='ltr'>Vulgo</span> <span class='ocrx_word' id='word_1_120' title='bbox 321 1389 528 1436; x_wconf 89' lang='grc' dir='ltr'>διόλωλεν,</span> <span class='ocrx_word' id='word_1_121' title='bbox 550 1386 665 1444; x_wconf 91' lang='lat' dir='ltr'>quod</span> <span class='ocrx_word' id='word_1_122' title='bbox 696 1386 820 1427; x_wconf 88' lang='lat' dir='ltr'>mirer</span> <span class='ocrx_word' id='word_1_123' title='bbox 849 1384 892 1425; x_wconf 91' lang='lat' dir='ltr'>ni</span> <span class='ocrx_word' id='word_1_124' title='bbox 921 1383 964 1425; x_wconf 91' lang='lat' dir='ltr'>in</span> <span class='ocrx_word' id='word_1_125' title='bbox 996 1399 1082 1425; x_wconf 92' lang='lat' dir='ltr'>uno</span> <span class='ocrx_word' id='word_1_126' title='bbox 1110 1382 1293 1424; x_wconf 88' lang='lat' dir='ltr'>alterove</span> <span class='ocrx_word' id='word_1_127' title='bbox 1322 1381 1464 1423; x_wconf 87' lang='lat' dir='ltr'>codice</span> <span class='ocrx_word' id='word_1_128' title='bbox 1493 1396 1633 1423; x_wconf 87' lang='lat' dir='ltr'>emen-</span> 
     </span>
     <span class='ocr_line' id='line_1_18' title="bbox 163 1449 1633 1513; baseline -0.004 -15"><span class='ocrx_word' id='word_1_129' title='bbox 163 1456 259 1498; x_wconf 84' lang='lat' dir='ltr'>date</span> <span class='ocrx_word' id='word_1_130' title='bbox 279 1456 478 1513; x_wconf 88' lang='lat' dir='ltr'>scriptum</span> <span class='ocrx_word' id='word_1_131' title='bbox 499 1464 646 1497; x_wconf 87' lang='lat' dir='ltr'>exstet.</span> <span class='ocrx_word' id='word_1_132' title='bbox 694 1454 833 1496; x_wconf 88' lang='lat' dir='ltr'>Satius</span> <span class='ocrx_word' id='word_1_133' title='bbox 852 1453 1000 1495; x_wconf 89' lang='lat' dir='ltr'>fuisset</span> <span class='ocrx_word' id='word_1_134' title='bbox 1020 1451 1211 1494; x_wconf 86' lang='lat' dir='ltr'>Triclinii</span> <span class='ocrx_word' id='word_1_135' title='bbox 1232 1450 1425 1508; x_wconf 85' lang='lat' dir='ltr'>exemplo</span> <span class='ocrx_word' id='word_1_136' title='bbox 1445 1451 1495 1493; x_wconf 85' lang='grc' dir='ltr'>ἄν</span> <span class='ocrx_word' id='word_1_137' title='bbox 1515 1449 1551 1505; x_wconf 87' lang='grc' dir='ltr'>γ’</span> <span class='ocrx_word' id='word_1_138' title='bbox 1575 1452 1633 1503; x_wconf 82' lang='grc' dir='ltr'>εἴη</span> 
     </span>
     <span class='ocr_line' id='line_1_19' title="bbox 163 1519 1360 1583; baseline -0.005 -16"><span class='ocrx_word' id='word_1_139' title='bbox 163 1541 316 1583; x_wconf 90' lang='lat' dir='ltr'>ponere</span> <span class='ocrx_word' id='word_1_140' title='bbox 336 1539 462 1581; x_wconf 88' lang='lat' dir='ltr'>quam</span> <span class='ocrx_word' id='word_1_141' title='bbox 483 1538 650 1566; x_wconf 90' lang='lat' dir='ltr'>versum</span> <span class='ocrx_word' id='word_1_142' title='bbox 671 1530 755 1564; x_wconf 87' lang='lat' dir='ltr'>tam</span> <span class='ocrx_word' id='word_1_143' title='bbox 772 1520 1095 1563; x_wconf 89' lang='lat' dir='ltr'>immodulatum</span> <span class='ocrx_word' id='word_1_144' title='bbox 1115 1519 1360 1577; x_wconf 87' lang='lat' dir='ltr'>procudere.</span> 
     </span>
     <span class='ocr_line' id='line_1_20' title="bbox 226 1590 952 1649; baseline -0.004 -15"><span class='ocrx_word' id='word_1_145' title='bbox 226 1593 330 1635; x_wconf 89' lang='lat' dir='ltr'>VII.</span> <span class='ocrx_word' id='word_1_146' title='bbox 364 1591 592 1649; x_wconf 89' lang='lat' dir='ltr'>Euripides</span> <span class='ocrx_word' id='word_1_147' title='bbox 613 1590 770 1633; x_wconf 88' lang='lat' dir='ltr'>Medea</span> <span class='ocrx_word' id='word_1_148' title='bbox 790 1606 830 1631; x_wconf 92' lang='lat' dir='ltr'>v.</span> <span class='ocrx_word' id='word_1_149' title='bbox 855 1591 952 1645; x_wconf 88' lang='lat'><em>867.</em></span> 
     </span>
     <span class='ocr_line' id='line_1_21' title="bbox 338 1656 1261 1713; baseline -0.004 -11"><span class='ocrx_word' id='word_1_150' title='bbox 338 1661 407 1702; x_wconf 81' lang='grc' dir='ltr'>οὐκ</span> <span class='ocrx_word' id='word_1_151' title='bbox 428 1660 477 1702; x_wconf 80' lang='grc' dir='ltr'>ἂν</span> <span class='ocrx_word' id='word_1_152' title='bbox 497 1659 685 1713; x_wconf 82' lang='grc' dir='ltr'>ἁμάρτοις</span> <span class='ocrx_word' id='word_1_153' title='bbox 704 1658 820 1700; x_wconf 80' lang='grc' dir='ltr'>τοῦδέ</span> <span class='ocrx_word' id='word_1_154' title='bbox 840 1657 891 1712; x_wconf 85' lang='grc' dir='ltr'>γ’,</span> <span class='ocrx_word' id='word_1_155' title='bbox 914 1656 1004 1700; x_wconf 82' lang='grc' dir='ltr'>ἀλλ’</span> <span class='ocrx_word' id='word_1_156' title='bbox 1028 1657 1261 1709; x_wconf 85' lang='grc' dir='ltr'>ἀκούσομαι.</span> 
     </span>
     <span class='ocr_line' id='line_1_22' title="bbox 168 1722 1636 1783; baseline -0.004 -13"><span class='ocrx_word' id='word_1_157' title='bbox 168 1728 310 1770; x_wconf 85' lang='lat' dir='ltr'>Aldus</span> <span class='ocrx_word' id='word_1_158' title='bbox 330 1728 401 1769; x_wconf 82' lang='grc' dir='ltr'>οὐκ</span> <span class='ocrx_word' id='word_1_159' title='bbox 421 1728 472 1769; x_wconf 82' lang='grc' dir='ltr'>ἄν</span> <span class='ocrx_word' id='word_1_160' title='bbox 491 1726 545 1781; x_wconf 85' lang='grc' dir='ltr'>γ’,</span> <span class='ocrx_word' id='word_1_161' title='bbox 567 1726 639 1783; x_wconf 90' lang='lat' dir='ltr'>qui</span> <span class='ocrx_word' id='word_1_162' title='bbox 668 1736 710 1768; x_wconf 88' lang='lat' dir='ltr'>et</span> <span class='ocrx_word' id='word_1_163' title='bbox 735 1726 897 1768; x_wconf 88' lang='lat' dir='ltr'>codices</span> <span class='ocrx_word' id='word_1_164' title='bbox 926 1736 1088 1768; x_wconf 84' lang='lat' dir='ltr'>tantum</span> <span class='ocrx_word' id='word_1_165' title='bbox 1122 1740 1205 1766; x_wconf 90' lang='lat' dir='ltr'>non</span> <span class='ocrx_word' id='word_1_166' title='bbox 1235 1740 1378 1767; x_wconf 90' lang='lat' dir='ltr'>omnes</span> <span class='ocrx_word' id='word_1_167' title='bbox 1407 1723 1534 1765; x_wconf 87' lang='lat' dir='ltr'>habet</span> <span class='ocrx_word' id='word_1_168' title='bbox 1563 1722 1636 1764; x_wconf 84' lang='lat' dir='ltr'>ad-</span> 
     </span>
     <span class='ocr_line' id='line_1_23' title="bbox 168 1794 1231 1851; baseline -0.005 -13"><span class='ocrx_word' id='word_1_169' title='bbox 168 1811 308 1838; x_wconf 84' lang='lat' dir='ltr'>versos</span> <span class='ocrx_word' id='word_1_170' title='bbox 329 1804 370 1837; x_wconf 88' lang='lat' dir='ltr'>et</span> <span class='ocrx_word' id='word_1_171' title='bbox 390 1795 630 1851; x_wconf 87' lang='lat' dir='ltr'>scriptorem</span> <span class='ocrx_word' id='word_1_172' title='bbox 654 1794 811 1836; x_wconf 87' lang='lat' dir='ltr'>Christi</span> <span class='ocrx_word' id='word_1_173' title='bbox 834 1794 1026 1851; x_wconf 86' lang='lat' dir='ltr'>patientis</span> <span class='ocrx_word' id='word_1_174' title='bbox 1047 1809 1088 1835; x_wconf 75' lang='lat' dir='ltr'>v·</span> <span class='ocrx_word' id='word_1_175' title='bbox 1109 1794 1231 1850; x_wconf 85' lang='lat'>1983.</span> 
     </span>
     <span class='ocr_line' id='line_1_24' title="bbox 229 1862 1059 1920; baseline -0.004 -15"><span class='ocrx_word' id='word_1_176' title='bbox 229 1864 366 1905; x_wconf 92' lang='lat' dir='ltr'><strong>VIII.</strong></span> <span class='ocrx_word' id='word_1_177' title='bbox 390 1862 619 1920; x_wconf 89' lang='lat' dir='ltr'>Euripides</span> <span class='ocrx_word' id='word_1_178' title='bbox 638 1862 880 1904; x_wconf 87' lang='lat' dir='ltr'>Troadibus</span> <span class='ocrx_word' id='word_1_179' title='bbox 898 1877 939 1903; x_wconf 92' lang='lat' dir='ltr'>v.</span> <span class='ocrx_word' id='word_1_180' title='bbox 960 1874 1059 1915; x_wconf 90' lang='lat'>409.</span> 
     </span>
     <span class='ocr_line' id='line_1_25' title="bbox 343 1928 1240 1984; baseline 0 -12"><span class='ocrx_word' id='word_1_181' title='bbox 343 1933 379 1972; x_wconf 85' lang='grc' dir='ltr'>εἰ</span> <span class='ocrx_word' id='word_1_182' title='bbox 397 1931 450 1983; x_wconf 88' lang='grc' dir='ltr'>μή</span> <span class='ocrx_word' id='word_1_183' title='bbox 470 1930 507 1971; x_wconf 93' lang='grc' dir='ltr'>σ’</span> <span class='ocrx_word' id='word_1_184' title='bbox 527 1930 741 1972; x_wconf 89' lang='grc' dir='ltr'>Ἀπόλλων</span> <span class='ocrx_word' id='word_1_185' title='bbox 762 1929 1056 1984; x_wconf 79' lang='grc' dir='ltr'>ἐξεβάκχευσεν</span> <span class='ocrx_word' id='word_1_186' title='bbox 1077 1928 1240 1982; x_wconf 84' lang='grc' dir='ltr'>φρένας,</span> 
     </span>
     <span class='ocr_line' id='line_1_26' title="bbox 341 1996 1466 2052; baseline -0.001 -12"><span class='ocrx_word' id='word_1_187' title='bbox 341 1999 411 2040; x_wconf 83' lang='grc' dir='ltr'>οὐκ</span> <span class='ocrx_word' id='word_1_188' title='bbox 430 1998 480 2040; x_wconf 79' lang='grc' dir='ltr'>ἂν</span> <span class='ocrx_word' id='word_1_189' title='bbox 500 1999 635 2051; x_wconf 83' lang='grc' dir='ltr'>ἀμισθὶ</span> <span class='ocrx_word' id='word_1_190' title='bbox 655 1998 745 2042; x_wconf 85' lang='grc' dir='ltr'>τοὺς</span> <span class='ocrx_word' id='word_1_191' title='bbox 765 1998 880 2050; x_wconf 81' lang='grc' dir='ltr'>ἐμοὺς</span> <span class='ocrx_word' id='word_1_192' title='bbox 900 1996 1466 2052; x_wconf 77' lang='grc' dir='ltr'>στρατηλάτας-ἐξέπεμπες.</span> 
     </span>
     <span class='ocr_line' id='line_1_27' title="bbox 173 2064 1640 2124; baseline -0.003 -15"><span class='ocrx_word' id='word_1_193' title='bbox 173 2068 243 2109; x_wconf 85' lang='lat' dir='ltr'>Ita</span> <span class='ocrx_word' id='word_1_194' title='bbox 261 2066 392 2108; x_wconf 87' lang='lat' dir='ltr'>codex</span> <span class='ocrx_word' id='word_1_195' title='bbox 413 2066 637 2109; x_wconf 84' lang='lat' dir='ltr'>Vaticanus</span> <span class='ocrx_word' id='word_1_196' title='bbox 657 2080 754 2124; x_wconf 88' lang='lat'>909,</span> <span class='ocrx_word' id='word_1_197' title='bbox 776 2066 960 2123; x_wconf 87' lang='lat' dir='ltr'>optimus</span> <span class='ocrx_word' id='word_1_198' title='bbox 980 2065 1183 2116; x_wconf 87' lang='lat' dir='ltr'>omnium,</span> <span class='ocrx_word' id='word_1_199' title='bbox 1204 2075 1246 2107; x_wconf 91' lang='lat' dir='ltr'>et</span> <span class='ocrx_word' id='word_1_200' title='bbox 1268 2064 1522 2107; x_wconf 86' lang='lat' dir='ltr'>Havniensis</span> <span class='ocrx_word' id='word_1_201' title='bbox 1542 2078 1640 2106; x_wconf 92' lang='lat' dir='ltr'>cum</span> 
     </span>
     <span class='ocr_line' id='line_1_28' title="bbox 175 2132 1639 2192; baseline -0.002 -15"><span class='ocrx_word' id='word_1_202' title='bbox 175 2135 430 2177; x_wconf 86' lang='lat' dir='ltr'>Florentino.</span> <span class='ocrx_word' id='word_1_203' title='bbox 488 2134 644 2186; x_wconf 91' lang='lat' dir='ltr'>Aldus,</span> <span class='ocrx_word' id='word_1_204' title='bbox 667 2145 714 2177; x_wconf 87' lang='lat' dir='ltr'>ut</span> <span class='ocrx_word' id='word_1_205' title='bbox 736 2151 863 2192; x_wconf 89' lang='lat' dir='ltr'>supra</span> <span class='ocrx_word' id='word_1_206' title='bbox 887 2134 931 2176; x_wconf 90' lang='lat' dir='ltr'>in</span> <span class='ocrx_word' id='word_1_207' title='bbox 957 2135 1049 2176; x_wconf 91' lang='lat' dir='ltr'>loco</span> <span class='ocrx_word' id='word_1_208' title='bbox 1081 2134 1328 2191; x_wconf 90' lang='lat' dir='ltr'>Sophocleo,</span> <span class='ocrx_word' id='word_1_209' title='bbox 1350 2135 1491 2176; x_wconf 84' lang='grc' dir='ltr'>οὔκουν</span> <span class='ocrx_word' id='word_1_210' title='bbox 1510 2132 1639 2184; x_wconf 89' lang='lat' dir='ltr'>dedit,</span> 
     </span>
     <span class='ocr_line' id='line_1_29' title="bbox 173 2202 1642 2260; baseline -0.002 -14"><span class='ocrx_word' id='word_1_211' title='bbox 173 2203 407 2246; x_wconf 84' lang='lat' dir='ltr'>adamatam</span> <span class='ocrx_word' id='word_1_212' title='bbox 432 2203 529 2246; x_wconf 90' lang='lat' dir='ltr'>huic</span> <span class='ocrx_word' id='word_1_213' title='bbox 554 2203 791 2246; x_wconf 87' lang='lat' dir='ltr'>criticorum</span> <span class='ocrx_word' id='word_1_214' title='bbox 818 2202 960 2260; x_wconf 80' lang='lat' dir='ltr'>generi</span> <span class='ocrx_word' id='word_1_215' title='bbox 982 2202 1187 2254; x_wconf 84' lang='lat' dir='ltr'>voculam,</span> <span class='ocrx_word' id='word_1_216' title='bbox 1209 2218 1292 2244; x_wconf 89' lang='lat' dir='ltr'>non</span> <span class='ocrx_word' id='word_1_217' title='bbox 1313 2202 1452 2244; x_wconf 90' lang='lat' dir='ltr'>minus</span> <span class='ocrx_word' id='word_1_218' title='bbox 1476 2202 1642 2244; x_wconf 91' lang='lat' dir='ltr'>incaute</span> 
     </span>
     <span class='ocr_line' id='line_1_30' title="bbox 173 2270 1641 2328; baseline -0.002 -13"><span class='ocrx_word' id='word_1_219' title='bbox 173 2273 214 2315; x_wconf 89' lang='lat' dir='ltr'>in</span> <span class='ocrx_word' id='word_1_220' title='bbox 237 2272 411 2315; x_wconf 88' lang='lat' dir='ltr'>Helenae</span> <span class='ocrx_word' id='word_1_221' title='bbox 431 2288 574 2314; x_wconf 88' lang='lat' dir='ltr'>versus</span> <span class='ocrx_word' id='word_1_222' title='bbox 594 2273 714 2328; x_wconf 83' lang='lat'>1561.</span> <span class='ocrx_word' id='word_1_223' title='bbox 737 2282 859 2327; x_wconf 87' lang='lat'>1597.</span> <span class='ocrx_word' id='word_1_224' title='bbox 880 2270 1054 2322; x_wconf 83' lang='lat' dir='ltr'>illatam,</span> <span class='ocrx_word' id='word_1_225' title='bbox 1077 2270 1151 2312; x_wconf 89' lang='lat' dir='ltr'>ubi</span> <span class='ocrx_word' id='word_1_226' title='bbox 1171 2284 1284 2312; x_wconf 90' lang='lat' dir='ltr'>nunc</span> <span class='ocrx_word' id='word_1_227' title='bbox 1312 2271 1381 2313; x_wconf 83' lang='grc' dir='ltr'>οὐκ</span> <span class='ocrx_word' id='word_1_228' title='bbox 1408 2270 1454 2312; x_wconf 76' lang='grc' dir='ltr'>εἶ’</span> <span class='ocrx_word' id='word_1_229' title='bbox 1482 2280 1544 2312; x_wconf 93' lang='lat' dir='ltr'>est</span> <span class='ocrx_word' id='word_1_230' title='bbox 1574 2285 1641 2312; x_wconf 89' lang='lat' dir='ltr'>re-</span> 
     </span>
     <span class='ocr_line' id='line_1_31' title="bbox 175 2339 1643 2383; baseline -0.002 0"><span class='ocrx_word' id='word_1_231' title='bbox 175 2341 383 2383; x_wconf 89' lang='lat' dir='ltr'>stitutum.</span> <span class='ocrx_word' id='word_1_232' title='bbox 442 2340 558 2382; x_wconf 91' lang='lat' dir='ltr'>Aldo</span> <span class='ocrx_word' id='word_1_233' title='bbox 594 2351 733 2382; x_wconf 86' lang='lat' dir='ltr'>autem</span> <span class='ocrx_word' id='word_1_234' title='bbox 769 2339 838 2382; x_wconf 91' lang='lat' dir='ltr'>hic</span> <span class='ocrx_word' id='word_1_235' title='bbox 870 2348 911 2381; x_wconf 88' lang='lat' dir='ltr'>et</span> <span class='ocrx_word' id='word_1_236' title='bbox 941 2339 1039 2381; x_wconf 90' lang='lat' dir='ltr'>alibi</span> <span class='ocrx_word' id='word_1_237' title='bbox 1076 2339 1289 2381; x_wconf 88' lang='lat' dir='ltr'>brevitatis</span> <span class='ocrx_word' id='word_1_238' title='bbox 1323 2354 1468 2381; x_wconf 84' lang='lat' dir='ltr'>caussa</span> <span class='ocrx_word' id='word_1_239' title='bbox 1502 2339 1643 2380; x_wconf 88' lang='lat' dir='ltr'>tribuo</span> 
     </span>
     <span class='ocr_line' id='line_1_32' title="bbox 175 2406 1643 2466; baseline -0.002 -15"><span class='ocrx_word' id='word_1_240' title='bbox 175 2409 384 2466; x_wconf 89' lang='lat' dir='ltr'>quidquid</span> <span class='ocrx_word' id='word_1_241' title='bbox 403 2408 446 2450; x_wconf 91' lang='lat' dir='ltr'>in</span> <span class='ocrx_word' id='word_1_242' title='bbox 465 2409 556 2466; x_wconf 86' lang='lat' dir='ltr'>ejus</span> <span class='ocrx_word' id='word_1_243' title='bbox 575 2407 826 2450; x_wconf 90' lang='lat' dir='ltr'>editionibus</span> <span class='ocrx_word' id='word_1_244' title='bbox 845 2407 1014 2464; x_wconf 89' lang='lat' dir='ltr'>legitur,</span> <span class='ocrx_word' id='word_1_245' title='bbox 1037 2407 1122 2449; x_wconf 90' lang='lat' dir='ltr'>sive</span> <span class='ocrx_word' id='word_1_246' title='bbox 1141 2407 1274 2464; x_wconf 90' lang='lat' dir='ltr'>ipsius</span> <span class='ocrx_word' id='word_1_247' title='bbox 1289 2416 1352 2449; x_wconf 90' lang='lat' dir='ltr'>est</span> <span class='ocrx_word' id='word_1_248' title='bbox 1371 2406 1454 2448; x_wconf 90' lang='lat' dir='ltr'>sive</span> <span class='ocrx_word' id='word_1_249' title='bbox 1472 2406 1643 2449; x_wconf 88' lang='lat' dir='ltr'>aliunde</span> 
     </span>
     <span class='ocr_line' id='line_1_33' title="bbox 178 2489 409 2534; baseline -0.009 -15"><span class='ocrx_word' id='word_1_250' title='bbox 178 2489 409 2534; x_wconf 88' lang='lat' dir='ltr'>sumptum.</span> 
     </span>
     <span class='ocr_line' id='line_1_34' title="bbox 237 2543 1195 2601; baseline -0.001 -14"><span class='ocrx_word' id='word_1_251' title='bbox 237 2546 329 2587; x_wconf 87' lang='lat' dir='ltr'>IX.</span> <span class='ocrx_word' id='word_1_252' title='bbox 361 2546 423 2586; x_wconf 91' lang='lat' dir='ltr'>X.</span> <span class='ocrx_word' id='word_1_253' title='bbox 455 2544 546 2585; x_wconf 91' lang='lat' dir='ltr'>XI.</span> <span class='ocrx_word' id='word_1_254' title='bbox 577 2543 805 2601; x_wconf 88' lang='lat' dir='ltr'>Euripides</span> <span class='ocrx_word' id='word_1_255' title='bbox 826 2543 991 2585; x_wconf 88' lang='lat' dir='ltr'>Helena</span> <span class='ocrx_word' id='word_1_256' title='bbox 1012 2560 1050 2586; x_wconf 91' lang='lat' dir='ltr'>V.</span> <span class='ocrx_word' id='word_1_257' title='bbox 1071 2555 1195 2600; x_wconf 83' lang='lat'>1045.</span> 
     </span>
     <span class='ocr_line' id='line_1_35' title="bbox 351 2611 1125 2666; baseline -0.001 -12"><span class='ocrx_word' id='word_1_258' title='bbox 351 2613 421 2654; x_wconf 80' lang='grc' dir='ltr'>οὐκ</span> <span class='ocrx_word' id='word_1_259' title='bbox 440 2611 490 2654; x_wconf 79' lang='grc' dir='ltr'>ἂν</span> <span class='ocrx_word' id='word_1_260' title='bbox 510 2611 714 2666; x_wconf 81' lang='grc' dir='ltr'>ἀνάσχοιτ’</span> <span class='ocrx_word' id='word_1_261' title='bbox 737 2612 828 2653; x_wconf 80' lang='grc' dir='ltr'>οὐδὲ</span> <span class='ocrx_word' id='word_1_262' title='bbox 848 2611 1054 2665; x_wconf 82' lang='grc' dir='ltr'>σιγήσειεν</span> <span class='ocrx_word' id='word_1_263' title='bbox 1075 2612 1125 2654; x_wconf 81' lang='grc' dir='ltr'>ἂν</span> 
     </span>
     <span class='ocr_line' id='line_1_36' title="bbox 350 2679 1224 2734; baseline -0.001 -11"><span class='ocrx_word' id='word_1_264' title='bbox 350 2679 536 2734; x_wconf 85' lang='grc' dir='ltr'>μέλλοντ’</span> <span class='ocrx_word' id='word_1_265' title='bbox 560 2680 716 2734; x_wconf 81' lang='grc' dir='ltr'>ἀδελφὴ</span> <span class='ocrx_word' id='word_1_266' title='bbox 737 2681 938 2734; x_wconf 83' lang='grc' dir='ltr'>σύγγονον</span> <span class='ocrx_word' id='word_1_267' title='bbox 959 2684 1224 2722; x_wconf 84' lang='grc' dir='ltr'>κατακτενεῖν.</span> 
     </span>
     <span class='ocr_line' id='line_1_37' title="bbox 182 2749 754 2804; baseline -0.007 -11"><span class='ocrx_word' id='word_1_268' title='bbox 182 2749 370 2793; x_wconf 84' lang='lat' dir='ltr'>Hercule</span> <span class='ocrx_word' id='word_1_269' title='bbox 388 2749 553 2790; x_wconf 88' lang='lat' dir='ltr'>furente</span> <span class='ocrx_word' id='word_1_270' title='bbox 571 2763 611 2789; x_wconf 90' lang='lat' dir='ltr'>v.</span> <span class='ocrx_word' id='word_1_271' title='bbox 632 2759 754 2804; x_wconf 82' lang='lat'>1254.</span> 
     </span>
     <span class='ocr_line' id='line_1_38' title="bbox 354 2814 1230 2871; baseline -0.002 -13"><span class='ocrx_word' id='word_1_272' title='bbox 354 2817 423 2858; x_wconf 81' lang='grc' dir='ltr'>οὐκ</span> <span class='ocrx_word' id='word_1_273' title='bbox 440 2816 490 2857; x_wconf 81' lang='grc' dir='ltr'>ἂν</span> <span class='ocrx_word' id='word_1_274' title='bbox 510 2814 718 2870; x_wconf 85' lang='grc' dir='ltr'>ἀνάσχοιθ’</span> <span class='ocrx_word' id='word_1_275' title='bbox 739 2814 893 2859; x_wconf 75' lang='grc' dir='ltr'>Ἑλλὰς</span> <span class='ocrx_word' id='word_1_276' title='bbox 913 2816 1059 2871; x_wconf 71' lang='grc' dir='ltr'>ἀμαθία</span> <span class='ocrx_word' id='word_1_277' title='bbox 1080 2818 1230 2856; x_wconf 83' lang='grc' dir='ltr'>θανεῖν.</span> 
     </span>
     <span class='ocr_line' id='line_1_39' title="bbox 182 2884 512 2929; baseline -0.015 0"><span class='ocrx_word' id='word_1_278' title='bbox 182 2885 335 2929; x_wconf 89' lang='lat' dir='ltr'>ibidem</span> <span class='ocrx_word' id='word_1_279' title='bbox 357 2899 397 2926; x_wconf 84' lang='grc' dir='ltr'>ν.</span> <span class='ocrx_word' id='word_1_280' title='bbox 417 2884 512 2926; x_wconf 89' lang='lat'>186.</span> 
     </span>
     <span class='ocr_line' id='line_1_40' title="bbox 356 2949 1291 3005; baseline -0.003 -10"><span class='ocrx_word' id='word_1_281' title='bbox 356 2953 514 3005; x_wconf 83' lang='grc' dir='ltr'>Δίρφυν</span> <span class='ocrx_word' id='word_1_282' title='bbox 533 2949 564 2992; x_wconf 86' lang='grc' dir='ltr'>τ’</span> <span class='ocrx_word' id='word_1_283' title='bbox 588 2951 754 3004; x_wconf 82' lang='grc' dir='ltr'>ε’ρωτῶν,</span> <span class='ocrx_word' id='word_1_284' title='bbox 777 2951 802 3003; x_wconf 92' lang='grc' dir='ltr'>ἥ</span> <span class='ocrx_word' id='word_1_285' title='bbox 823 2950 859 2991; x_wconf 89' lang='grc' dir='ltr'>σ’</span> <span class='ocrx_word' id='word_1_286' title='bbox 883 2951 1036 3005; x_wconf 79' lang='grc' dir='ltr'>ἔθρεψ’,</span> <span class='ocrx_word' id='word_1_287' title='bbox 1058 2949 1291 3003; x_wconf 84' lang='grc' dir='ltr'>Ἀβαντίδα,</span> 
     </span>
     <span class='ocr_line' id='line_1_41' title="bbox 354 3018 839 3063; baseline -0.004 -1"><span class='ocrx_word' id='word_1_288' title='bbox 354 3021 424 3063; x_wconf 87' lang='grc' dir='ltr'>οὐκ</span> <span class='ocrx_word' id='word_1_289' title='bbox 444 3019 494 3063; x_wconf 82' lang='grc' dir='ltr'>ἂν</span> <span class='ocrx_word' id='word_1_290' title='bbox 516 3018 839 3062; x_wconf 80' lang='grc' dir='ltr'>ἐπαινέσειεν-.</span> 
     </span>
     <span class='ocr_line' id='line_1_42' title="bbox 884 3099 1006 3128; baseline 0 0"><span class='ocrx_word' id='word_1_291' title='bbox 884 3102 915 3128; x_wconf 81' lang='lat' dir='ltr'>A</span> <span class='ocrx_word' id='word_1_292' title='bbox 935 3101 959 3128; x_wconf 85' lang='lat' dir='ltr'>a</span> <span class='ocrx_word' id='word_1_293' title='bbox 983 3099 1006 3128; x_wconf 86' lang='lat'><em>2</em></span> 
     </span>
    </p>
   </div>
  </div>
 </body>
</html>
