1898 3256
368 206 451 250 292
860 212 1350 252 ANNOTATIONES

368 318 506 369 λόγον.
551 317 733 373 Hesych.
766 319 991 371 Μακιστήρε
1024 320 1157 371 βέλος·
1202 319 1390 360 τάσσεται
1421 320 1484 360 ἐπὶ
1514 322 1580 359 τοῦ
1612 319 1798 372 μεγάλου.

371 382 505 423 Schol.
524 382 668 434 μήκους
686 385 911 438 ἐχόμενον.”
942 387 1168 427 BLOMF.
1229 386 1469 442 Supplicum
1490 386 1579 427 loco
1597 386 1800 428 abstinen-

367 448 468 489 dum
489 458 586 490 erat.

423 515 554 568 λέγων
573 531 651 557 om.
673 526 753 558 tres
772 518 890 559 codd.
910 518 1139 560 deteriores.

425 593 518 635 700.
549 584 692 635 δίομαι]
722 586 879 625 Vereor.
930 586 1011 626 Per
1038 585 1143 627 δέδια
1172 594 1212 627 et
1242 590 1443 639 φοβοῦμαι
1461 586 1655 641 explicuit
1684 585 1798 627 scho-

365 649 482 691 liasta
503 660 631 701 vetus,
651 666 725 707 per
745 653 843 693 ὀκνῶ
872 652 1080 693 recentior.
1131 654 1324 694 Notanda
1348 653 1480 694 forma
1497 652 1611 694 verbi
1640 652 1795 693 media:

365 716 496 757 activa
517 726 691 758 utuntur
711 719 920 759 Homerus
938 718 1100 774 aliique.
1150 720 1342 760 Ceterum
1373 719 1465 760 libri
1494 719 1678 775 plerique
1697 721 1795 760 δείο-

365 799 456 833 μαιε
487 783 607 839 pauci
626 785 766 835 δίομαι.
808 785 857 825 V.
880 786 1039 826 Buttm.
1063 786 1247 828 Gramm.
1272 787 1352 827 vol.
1375 798 1412 827 2.
1434 801 1475 843 p.
1502 798 1595 838 147.
1617 786 1679 826 ed.
1701 800 1779 826 sec.

423 861 519 902 701.
541 850 692 902 φάσθαι
712 851 930 892 Porsonus.
962 855 1113 904 φᾶσθαι
1131 852 1237 894 libri.

423 929 516 973 705.
539 918 787 973 κλαυμάτων]
810 918 1067 970 κλαυσμάτων
1085 919 1170 960 duo
1189 919 1306 960 codd.

421 987 516 1038 706.
536 984 567 1026 δ’
588 986 636 1026 ἄν
656 985 730 1040 τοι]
751 986 926 1027 Praestat
946 986 992 1038 δή
1011 1003 1083 1027 τοι.

420 1051 469 1093 ἂν
497 1053 607 1105 τύχοι
627 1053 691 1093 M.
714 1061 754 1092 et
769 1061 966 1107 quattuor
993 1052 1074 1101 alii,
1095 1052 1170 1094 nisi
1190 1052 1303 1108 quod
1323 1052 1372 1093 ἂν
1391 1052 1486 1105 τύχῃ
1507 1051 1640 1092 Viteb.
1682 1053 1794 1093 ἀντύ-

362 1136 428 1172 χοι
446 1118 550 1160 Ald.
581 1120 735 1172 ἐντύχοι
753 1118 910 1159 codices
929 1118 1074 1175 reliqui
1093 1129 1133 1160 et
1153 1120 1263 1161 Rob.
1287 1121 1422 1160 Turn.

420 1186 514 1239 708.
535 1187 711 1239 γίγνεται
731 1187 950 1226 Porsonus.
980 1187 1129 1239 γίνεται
1147 1185 1252 1227 libri.

416 1253 551 1302 βίοτος
578 1251 627 1303 ἢν
655 1253 782 1293 Α.Μ.
811 1252 962 1308 aliique
989 1252 1122 1294 multi.
1168 1254 1259 1303 βίος
1286 1251 1335 1304 ἢν
1354 1253 1460 1293 B.C.
1481 1252 1590 1293 Rob.
1633 1250 1682 1303 ἢν
1705 1252 1795 1303 βίος

360 1318 650 1374 interpolatum
670 1319 713 1359 in
735 1321 870 1360 Turn.

418 1397 512 1440 709.
536 1386 691 1440 εὐτυχεῖ
706 1386 854 1441 πότμῳ]
874 1387 1012 1440 εὐτυχῆ
1031 1387 1180 1438 πότμον
1200 1387 1267 1426 Μ.
1287 1386 1453 1426 Baroec.
1474 1386 1613 1440 Mosq.
1637 1385 1740 1426 Ald.

418 1463 514 1506 710.
545 1454 587 1495 ὅς
617 1452 649 1494 θ’
672 1453 742 1496 ἕως
761 1454 816 1493 A.
838 1461 879 1493 et
899 1453 1094 1494 Cantabr.
1115 1451 1330 1493 secundus.
1374 1451 1417 1494 ὃς
1436 1451 1506 1494 ἕως
1524 1452 1574 1492 Β.
1598 1452 1793 1493 Cantabr.

359 1518 531 1574 primus,
554 1519 699 1560 Guelf.
720 1528 760 1560 et
781 1519 882 1560 Ald.
903 1520 953 1562 ὣς
973 1520 1044 1563 ἕως
1062 1518 1093 1560 τ’
1115 1534 1165 1560 ex
1186 1520 1251 1560 M.
1271 1526 1511 1559 annotatum
1530 1518 1699 1560 fortasse
1718 1534 1795 1575 pro

360 1586 403 1629 ὃς
423 1586 496 1629 ἕως
513 1585 559 1627 τ’.
590 1585 611 1626 ὃ
633 1586 705 1629 ἕως
726 1586 834 1627 Rob.
865 1587 916 1629 ὡς
936 1587 1006 1630 ἕως
1028 1588 1163 1627 Turn.

417 1653 607 1695 ἔλευσσες
628 1653 693 1693 Μ.
724 1652 885 1696 ἔλευσες
902 1652 969 1693 alii
989 1651 1187 1693 nonnulli.
1218 1652 1385 1694 ἔλευσας
1404 1651 1543 1707 vulgo.

415 1731 511 1773 713.
533 1719 706 1774 ἀκούσει]
728 1720 875 1775 ἀκούσῃ
894 1718 1000 1760 libri.

413 1787 521 1840 λόγῳ
542 1787 591 1826 C.
613 1786 778 1826 Barocc.
800 1786 901 1826 Ven.
922 1785 1034 1840 prior
1052 1793 1093 1825 et
1111 1802 1174 1838 γρ.
1195 1785 1246 1825 Β.
1265 1799 1359 1825 cum
1380 1783 1481 1826 Ald.
1500 1785 1633 1825 Turn.
1664 1785 1793 1840 χρόνῳ

358 1851 515 1892 codices
539 1851 687 1907 reliqui
705 1866 799 1892 cum
827 1851 938 1892 Rob.
961 1850 1073 1906 quod
1102 1850 1400 1906 praeferendum
1427 1860 1468 1891 et
1487 1860 1654 1906 propter
1673 1850 1794 1891 libro-

357 1933 449 1959 rum
479 1918 761 1960 auctoritatem
789 1928 829 1959 et
859 1928 1027 1974 propter
1057 1932 1229 1973 sequens
1258 1918 1307 1961 ὡς
1337 1920 1461 1959 εἰπεῖν
1490 1918 1593 1960 ἔπος.
1643 1917 1793 1972 Eurip.

359 1986 509 2027 Phoen.
531 1999 627 2041 931.
657 1985 906 2041 comparavit
931 1984 1214 2035 Blomfieldus,
1233 1983 1263 2024 ὦ
1282 1987 1416 2026 πολλὰ
1434 1984 1552 2035 λέξας
1582 1985 1625 2025 ἐν
1648 1988 1797 2037 βραχεῖ

357 2054 486 2107 χρόνῳ
509 2052 618 2093 κακά.

415 2130 512 2171 714.
533 2119 600 2172 τὰ]
623 2121 672 2159 τὰ
692 2122 767 2159 τῶν
788 2118 888 2159 Ald.
909 2118 1016 2158 Rob.

417 2186 540 2225 εἰπεῖν
560 2184 667 2238 ἔπος]
693 2184 785 2226 ἔπος
803 2185 928 2224 εἰπεῖν
949 2183 1068 2224 C.M.
1092 2182 1223 2223 Viteb.
1245 2182 1346 2223 Ald.
1368 2183 1476 2223 Rob.

416 2253 510 2303 716.
532 2250 718 2305 οὐδαμῶς]
739 2251 807 2291 οὐκ
827 2250 939 2290 Rob.

415 2317 585 2368 Ἀθήνας
604 2317 784 2358 Α.Β.Μ.
806 2316 956 2371 aliique
974 2329 1067 2356 cum
1090 2316 1226 2356 Turn.
1255 2314 1439 2365 Ἀθήναις
1458 2314 1559 2356 Ald.
1581 2315 1688 2356 Rob.

419 2383 660 2438 διέφθαρται]
693 2382 961 2424 Scribendum
983 2381 1243 2434 κατέφθαρται
1270 2397 1362 2423 cum
1385 2383 1448 2422 M.
1471 2382 1605 2424 Viteb.
1624 2382 1793 2439 aliisque

360 2450 565 2492 nonnullis
582 2460 622 2491 et
643 2450 751 2491 Rob.

423 2529 519 2571 717.
542 2519 644 2558 Post
663 2515 940 2568 ἐστρατηλάτει
958 2525 1135 2571 ponatur
1153 2515 1312 2570 signum
1333 2515 1623 2571 interrogandi.

424 2585 517 2638 718.
538 2584 688 2639 πλάκα]
712 2582 899 2630 Photius‚
919 2580 1074 2622 πλάκατ
1106 2581 1175 2631 τὴν
1194 2581 1338 2634 χώραν.
1741 2625 1745 2629 Α

424 2663 518 2704 720.
567 2650 763 2702 μέτωπον]
814 2650 1026 2701 πρόσωπον
1064 2658 1145 2688 tres
1180 2647 1351 2698 codices,
1390 2648 1594 2704 adscripto
1630 2649 1672 2689 in
1708 2664 1793 2690 uno

359 2718 550 2769 μέτωπον.

422 2785 546 2840 δυοῖν]
581 2787 701 2824 δοιοῐν
734 2784 796 2823 Μ.
832 2782 980 2837 aliique
1014 2779 1211 2822 nonnulli.
1256 2784 1360 2822 δυοῖν
1395 2790 1484 2836 post
1512 2782 1793 2834 στρατηλάτοιν

360 2862 518 2907 ponunt
540 2852 676 2905 Mosq.
704 2850 833 2890 Viteb.
