1898 3256
350 210 406 261 76
820 223 1313 264 ANNoTATmNEs

463 343 520 368 an
539 330 668 369 latera
689 331 799 370 circa
818 332 947 385 serpit
967 332 1148 371 incertus
1169 333 1251 372 vice

464 396 667 450 etflnctus
686 401 780 436 ante
800 397 1124 450 turbidusfumo
1143 397 1266 438 labat.

353 477 411 517 Et
433 477 535 518 Stat.
558 477 693 518 Theb.
714 491 779 528 10,
798 491 906 532 593:

464 560 1012 616 Sanguineosflammarum
1031 562 1182 616 apices,
1196 562 1490 617 geminumque
1503 575 1583 616 per
1601 575 1700 601 aras

463 627 619 681 ignem,
638 632 677 667 et
695 627 811 667 clara
830 633 965 667 tamen
985 627 1114 667 medio
1114 627 1311 683 fastigia
1330 628 1434 668 lucis

462 698 555 733 orta
574 693 686 733 docet
702 709 715 738 ;
748 699 846 733 tunc
864 694 910 732 in
928 693 1099 748 speciem
1118 694 1321 748 serpentis
1339 694 1504 734 inanem

462 760 638 814 ancipiti
651 773 766 814 gyro
785 760 907 810 volvi,
910 761 1153 815 frangique
1171 761 1320 801 rubore

461 825 712 866 demonstrat
730 825 865 865 dubio.

349 923 464 964 Add.
495 924 643 980 Eurip.
676 924 824 965 Phoen.
849 936 969 977 1072.
998 925 1136 980 ibique
1170 925 1431 966 Valckenaerii
1461 935 1614 966 notam.
1648 926 1780 966 SCH.

350 990 726 1045 Interpunctionem
747 1000 840 1047 post
860 994 1113 1044 συγκαλυπτὰ
1132 999 1240 1032 recte
1259 991 1364 1032 tollit
1386 991 1640 1033 Schuetzius.

403 1067 499 1111 497.
521 1057 670 1113 ὀσφὺν]
688 1059 820 1110 ὀσφὴν
835 1057 934 1098 Ald.
957 1060 1083 1110 ὀφρῦν
1101 1059 1175 1100 Ar.
1209 1057 1476 1098 Scribendum
1499 1059 1639 1110 ὀσφῦν.
1671 1059 1778 1098 Nam

348 1125 475 1176 ὀσφῦς
511 1123 822 1180 perispomenon
861 1140 946 1165 esse
978 1124 1126 1165 docent
1160 1123 1425 1165 Herodianus
1453 1124 1541 1176 περὶ
1574 1122 1660 1175 μον.
1695 1123 1778 1174 λέξ.

348 1205 390 1245 p.
411 1203 479 1245 31,
501 1193 563 1232 16.
584 1201 624 1232 et
645 1191 849 1233 Arcadius
868 1207 908 1247 p.
930 1204 996 1244 92,
1021 1205 1082 1232 ιι.

402 1258 498 1311 498.
520 1260 715 1310 φλογωπὰ
736 1258 907 1312 σήματα]
932 1259 1146 1299 Flammea
1164 1259 1307 1314 signa.
1366 1258 1575 1312 Loquitur
1593 1257 1644 1298 de
1665 1259 1782 1309 ἐμπυ-

346 1326 564 1379 ρομαντείᾳ,
586 1326 824 1381 ignispicia
877 1327 927 1365 In
948 1324 1168 1380 ignispiciis
1185 1324 1388 1364 flammam
1410 1324 1658 1379 spectabant,
1679 1339 1780 1379 quo-

348 1391 470 1432 modo
496 1407 537 1432 se
567 1407 638 1447 per
666 1407 786 1433 auras
814 1392 1044 1448 explicaret.
1104 1390 1246 1432 Adeas
1269 1389 1463 1431 Valcken.
1495 1390 1546 1430 ad
1578 1390 1780 1432 Phoeniss.

351 1457 472 1498 1261.
502 1458 643 1514 Apoll.
667 1458 804 1499 Rhod.
826 1472 864 1510 Ι,
883 1470 974 1510 144.
1005 1458 1118 1501 αὐτὸς
1146 1459 1188 1498 δὲ
1219 1458 1450 1510 θεοπροπίας
1480 1457 1652 1507 ἐδίδαξεν
1680 1459 1781 1499 Οἰω-

349 1525 438 1567 νούς
457 1524 488 1565 τ’
510 1525 684 1578 ἀλέγειν,
705 1526 762 1576 ἠδ’
783 1525 932 1577 ἔμπυρα
951 1524 1088 1576 σήματ’
1111 1523 1273 1565 ἰδέσθαι.
1297 1524 1523 1564 BLOMF.

402 1604 501 1645 499.
523 1591 803 1647 ἐξωμμάτωσα]
826 1591 986 1632 Lucida
1005 1591 1181 1631 reddidi.
1216 1590 1389 1646 Proprie
1408 1590 1557 1631 dicitur
1577 1590 1629 1631 de
1648 1591 1779 1641 caecis,

346 1657 413 1698 cui
433 1658 543 1698 visus
566 1658 764 1698 redditur.
795 1658 1010 1714 Aristoph.
1033 1657 1146 1699 Plut.
1167 1658 1263 1712 635.
1292 1657 1590 1710 Ἐξωμμάτωται
1619 1659 1682 1699 καὶ
1710 1663 1778 1699 λε-

345 1723 588 1777 λάμπρυνται
609 1725 735 1777 κόρας.
757 1739 880 1779 quem
901 1739 1063 1765 versum
1085 1739 1108 1765 e
1130 1724 1341 1780 Sophoclis
1362 1725 1520 1765 Phineo
1538 1739 1624 1765 esse
1643 1734 1781 1765 monet

347 1790 585 1832 Scholiasta.
606 1791 814 1842 Ὀμματόω
833 1790 1008 1831 occurrit
1029 1790 1214 1846 Choeph.
1238 1792 1334 1845 852.
1358 1792 1504 1847 Suppl.
1526 1793 1625 1846 463.
1657 1792 1782 1842 ’Ξυνῆ-

347 1871 426 1900 κας·
458 1857 676 1908 ὠμμάτωσα
696 1860 771 1910 γὰρ
792 1857 1051 1910 σαφέστερον.
1086 1858 1315 1898 BLOMF.

402 1924 619 1978 ἐπάργεμα]
646 1925 842 1980 Caligine
861 1925 1047 1975 obducta,
1062 1924 1115 1965 ab
1136 1925 1305 1978 ἄργεμον
1324 1925 1476 1981 albugo
1494 1925 1613 1965 oculi.
1638 1923 1781 1977 Ἀργε-

343 2007 419 2041 μον
440 1992 563 2041 ἐστὶν,
582 1992 677 2031 ὅταν
699 1993 795 2031 κατὰ
813 1991 883 2031 τὸν
902 1991 968 2041 τῆς
987 1993 1106 2043 ἴριδος
1123 1992 1277 2038 κύκλον,
1296 1991 1358 2031 καὶ
1376 1992 1420 2031 τὸ
1440 1992 1632 2042 λεύκωμα,
1654 1992 1780 2031 ἐνίοτε

345 2058 387 2097 δὲ
416 2058 460 2098 τὸ
488 2058 627 2109 μέλαν,
663 2057 778 2099 ἕλκος
811 2058 960 2109 γίνεται
990 2058 1236 2109 στρόγγυλον
1271 2057 1333 2097 καὶ
1365 2058 1595 2097 ὑπόλευκον.
1633 2056 1778 2097 Galen.

346 2123 506 2164 Introd.
527 2139 560 2164 c.
580 2133 643 2178 15.
658 2122 838 2176 ’Άργεμα
855 2125 950 2163 κατὰ
967 2124 1138 2174 Δίδυμον
1153 2125 1201 2163 τὰ
1221 2123 1283 2163 ἐπὶ
1303 2124 1519 2174 ὀφθαλμῶν
1537 2123 1777 2173 λευκῶματα,

344 2191 398 2230 ὧν
416 2189 543 2241 μνήμη
563 2193 615 2245 τῷ
637 2191 823 2243 Αἰσχύλῳ
839 2190 882 2229 ἐν
902 2191 954 2243 τῷ
975 2189 1158 2241 Πρόσθεν
1179 2187 1257 2229 ὅντ’
1279 2188 1490 2241 ἐπάργεμα.
1511 2189 1705 2230 Eustath.
1726 2189 1780 2229 ad

344 2255 426 2296 Od.
449 2260 493 2297 B.
516 2271 557 2311 p.
579 2269 699 2310 1430,
722 2257 790 2296 60.
813 2255 880 2296 Cf.
899 2256 1049 2310 Agam.
1067 2268 1189 2309 1115.
1212 2254 1399 2310 Choeph.
1416 2256 1513 2309 663.
1535 2255 1762 2295 BLOMF.

398 2334 496 2376 500.
521 2322 673 2376 ἔνερθε]
699 2322 857 2374 ἔνερθεν
877 2321 998 2362 codd.
1018 2321 1218 2362 nonnulli.

398 2399 496 2442 502.
517 2387 695 2443 σίδηρον]
718 2390 879 2441 σίδαρον
900 2389 963 2428 M.

399 2457 547 2508 χρυσόν
567 2456 625 2508 τε]
651 2454 799 2508 χρυσὸν
819 2456 861 2495 δὲ
883 2455 945 2495 Μ.
968 2454 1117 2509 aliique
1137 2454 1320 2494 nonnulli
1340 2463 1381 2495 et
1401 2452 1500 2494 Ald.
1525 2454 1660 2493 Turn.

398 2535 498 2576 503.
521 2521 708 2574 πάροιθεν
728 2523 898 2574 ἐξευρεῖν
914 2522 1025 2575 ἐμοῦ]
1045 2521 1164 2562 Alios
1181 2531 1407 2576 repertores
1426 2520 1604 2576 assignat
1621 2518 1781 2559 Plinius

346 2599 381 2641 7,
402 2589 473 2642 56.
522 2589 703 2629 Ferrum
723 2589 936 2628 Hesiodus
957 2589 1003 2628 in
1029 2589 1148 2628 Creta
1168 2601 1233 2628 eos
1252 2589 1323 2643 qui
1344 2588 1475 2628 vocati
1489 2593 1589 2627 sunt
1609 2586 1780 2641 Dactyli

342 2655 462 2695 Idcci.
521 2656 756 2711 Argentum
785 2655 945 2695 inve-nit
971 2654 1268 2695 Erichthonius
1288 2654 1549 2695 Atheniensis
1562 2671 1576 2700 ‚-
1613 2659 1660 2694 ut
1688 2653 1779 2701 alii,

343 2722 518 2763 AEacus.
578 2722 688 2763 Auri
721 2722 886 2763 metalla
919 2726 957 2762 et
995 2723 1264 2777 conflaturum
1301 2721 1484 2762 Cadmus
1516 2721 1691 2761 Phoenia·
1724 2719 1781 2759 ad

344 2788 579 2844 Pangaeum
608 2795 779 2830 montem
797 2805 811 2834 ;
843 2794 889 2829 ut
917 2788 1007 2837 alii,
1045 2788 1183 2828 Thoas
1212 2794 1252 2828 et
1274 2788 1437 2829 AEaclis
1466 2788 1513 2827 in
1543 2786 1777 2835 Panchaia,

343 2859 418 2894 aut
438 2855 513 2895 Sol
535 2856 830 2909 Oceanifilius.
863 2855 1083 2895 STANL.
