1898 3256
317 216 401 263 176
786 217 1282 260 ANNOTATIONES

373 338 474 382 427.
513 326 738 384 Euripides
779 327 925 384 Suppl.
957 327 1054 380 498.
1093 325 1145 366 de
1178 324 1321 366 eodem
1359 324 1564 379 Capaneo,
1599 323 1753 375 ὤμοσεν

317 396 436 437 πόλιν
454 394 617 447 πέρσειν
636 397 727 435 θεοῦ
745 394 929 437 θέλοντος
946 394 995 445 ἤν
1014 410 1057 434 τε
1074 393 1127 444 μὴ
1147 391 1255 443 θέλῃ.
1287 391 1516 432 BLOMF.

373 473 473 514 429.
497 459 610 513 Ἔρις
628 460 731 516 πέδῳ
757 460 950 513 σκήψασα
975 458 1222 515 periphrasis
1250 467 1311 499 est
1339 455 1482 499 caduci
1510 454 1692 496 fulminis
1722 470 1750 495 s.

319 530 501 579 σκηπτοῦ.
535 526 690 568 Similia
708 527 760 568 de
781 528 974 581 Capaneo
994 526 1188 582 leguntur
1207 525 1320 581 apud
1339 522 1583 578 Euripidem
1604 522 1752 563 Phoen.

324 593 446 648 1183.

489 660 694 703 Καπανεὺς
713 661 756 701 δὲ
775 663 855 702 πῶς
875 658 1012 710 εἴποιμ’
1034 657 1083 699 ἂν
1102 660 1152 702 ὣς
1171 659 1348 710 ἐμαίνετο
1366 675 1376 704 ;

484 727 751 779 μακραύχενος
770 728 846 779 γὰρ
866 728 1050 777 κλίμακος
1068 726 1367 778 προσαμβάσεις

489 793 592 846 ἔχων
613 793 766 845 ἐχώρει,
790 793 852 833 καὶ
871 791 1023 833 τοσόνδ’
1048 793 1246 844 ἐκόμπασε

487 858 571 910 μηδ’
593 858 642 900 ἂν
661 858 705 899 τὸ
726 858 874 910 σεμνὸν
893 862 967 911 πῦρ
988 875 1048 899 νιν
1070 858 1263 911 εἷργάθειν
1282 857 1379 900 Διὸς

488 925 532 965 τὸ
550 925 603 976 μὴ
623 925 668 966 οὐ
689 924 767 966 κατ’
790 925 916 977 ἄκρων
934 925 1143 978 περγάμων
1164 927 1271 966 ἑλεῖν
1288 926 1418 966 πόλιν.

322 1013 387 1055 Cf.
413 1014 517 1054 Stat.
537 1012 674 1053 Theb.
699 1025 761 1062 10,
784 1012 993 1054 821—fin.
1026 1013 1155 1053 SCH.

375 1080 496 1135 πέδῳ]
524 1078 793 1120 Scribendum
814 1078 934 1119 πέδοι.
995 1078 1092 1119 Vid.
1114 1078 1167 1119 ad
1189 1079 1328 1119 Prom.
1351 1087 1445 1132 749.

379 1147 566 1200 ἐκποδὼν]
593 1147 769 1198 ἐμποδὼν
789 1144 944 1200 aliquot
964 1145 1086 1186 codd.

379 1217 541 1267 σχεθεῖν
562 1212 844 1253 Blomfieldus.
876 1212 1036 1265 σχέθειν
1053 1211 1159 1252 libri.

376 1293 475 1335 431.
496 1277 747 1332 προσῄκασεν
767 1280 831 1319 Μ.
862 1279 1123 1331 προσείκασεν
1143 1277 1280 1333 vulgo.

377 1359 473 1402 433.
517 1347 630 1387 Bene
667 1345 826 1386 confert
866 1345 1069 1386 Stanleius
1108 1344 1259 1400 Eurip.
1301 1343 1503 1385 Phoeniss.
1544 1355 1665 1399 1137.
1704 1342 1757 1383 de

322 1412 460 1469 Tydei
499 1412 630 1468 signo,
663 1415 768 1466 δεξιᾷ
809 1413 851 1453 δὲ
889 1411 1074 1463 λαμπάδα
1103 1413 1226 1452 Τιτὰν
1257 1411 1484 1464 Προμηθεὺς
1518 1410 1660 1463 ἔφερεν
1691 1410 1756 1459 ὣς,

320 1479 480 1533 πρήσων
498 1481 629 1520 πόλιν.
690 1480 825 1519 Prava
845 1487 978 1519 tamen
1000 1477 1254 1519 distinctione
1279 1477 1473 1518 inductus
1499 1487 1573 1527 est,
1595 1485 1642 1517 ut
1670 1491 1756 1516 cre-

322 1546 437 1588 deret
455 1546 567 1586 hunc
585 1545 804 1601 igniferum
826 1545 961 1600 ipsum
984 1545 1229 1585 Promethea
1247 1544 1385 1585 fuisse.
1430 1545 1544 1584 Ante
1565 1545 1759 1599 Musgra-

321 1613 433 1654 vium
455 1613 668 1669 legebatur
696 1612 850 1665 ἔφερεν,
873 1612 924 1654 ὡς
942 1628 1005 1663 πρ.
1027 1628 1068 1652 π.
1089 1611 1202 1666 qnod
1223 1610 1410 1652 vitiosum
1442 1625 1526 1650 esse
1554 1610 1658 1650 bene
1686 1609 1759 1650 ad-

319 1690 497 1722 verterat
527 1679 649 1721 schol.
678 1679 719 1719 in
748 1680 864 1734 Aug.
896 1677 999 1719 Cod.
1027 1693 1151 1733 quem
1181 1677 1314 1718 minus
1342 1676 1540 1718 intellexit
1563 1675 1759 1718 Valcken-

322 1747 456 1789 aerius.
488 1747 719 1788 BLOMF.

379 1824 476 1869 435.
499 1812 752 1868 ξυστήσεται]
774 1812 1013 1864 ξυμβήσεται
1034 1811 1147 1852 Plut.
1167 1826 1206 1852 v.
1229 1810 1379 1851 Thesei
1399 1826 1434 1852 c.
1457 1824 1491 1851 1.

379 1883 478 1936 436.
500 1880 758 1933 κομπάζοντα]
784 1878 1037 1931 κομπάσαντα
1058 1879 1123 1918 Μ.
1144 1887 1186 1918 et
1205 1879 1308 1919 Ven.
1327 1890 1363 1920 2.
1385 1883 1450 1926 ζον
1469 1876 1522 1918 ab
1542 1876 1620 1917 alia
1635 1891 1759 1917 manu

324 1947 576 2003 adscriptum
596 1947 637 1987 in
659 1947 728 1987 M.

381 2024 478 2070 437.
508 2014 570 2054 καὶ
598 2015 694 2069 τῷδε
723 2012 848 2064 κέρδει
878 2011 1009 2064 κέρδος
1033 2011 1135 2052 ἄλλο
1164 2013 1345 2066 τίκτεται]
1373 2012 1434 2052 Et
1463 2025 1514 2052 ex
1544 2010 1616 2051 hoc
1645 2010 1760 2051 lucro

327 2080 508 2137 Capanei
543 2079 733 2135 superbia
764 2079 1018 2133 deorumque
1047 2087 1255 2118 contemtu
1289 2078 1407 2118 aliud
1439 2078 1614 2127 lucrum,
1650 2076 1689 2117 h.
1722 2091 1757 2117 e.

325 2147 514 2189 interitus
542 2147 631 2202 ejus
659 2152 863 2187 nascetur.
921 2146 1042 2186 Sicut
1068 2148 1175 2186 enim
1202 2145 1335 2200 Tydei
1355 2146 1573 2201 superbum
1593 2146 1762 2200 insigne

326 2215 479 2256 cladem
513 2215 551 2255 ei
583 2213 811 2269 portendit,
845 2212 905 2252 Sic
935 2212 1058 2252 etiam
1092 2211 1278 2266 Capanei
1311 2212 1508 2264 πυρφόρος
1539 2211 1647 2263 ἀνὴρ,
1682 2226 1762 2266 qno

326 2288 486 2323 scutum
505 2280 746 2336 insignivit,
767 2279 867 2319 ‘mali
887 2279 1035 2319 ominis
1055 2279 1223 2334 insigne
1249 2284 1332 2325 εὖτ,-
1374 2292 1493 2334 spero
1521 2279 1629 2318 enim
1639 2279 1761 2332 fire,

327 2355 375 2390 ut
393 2349 439 2389 in
458 2362 549 2388 eum
570 2346 799 2403 ignifitrum
801 2345 975 2400 fulmen
994 2345 1167 2395 incidat,

496 2435 664 2477 πέποιθα
685 2433 715 2474 δ’
739 2434 839 2489 αὐτῷ
860 2434 926 2485 ξὺν
948 2435 1031 2489 δίκῃ
1050 2435 1118 2475 τὸν
1138 2435 1338 2487 πυρφόρον

497 2503 604 2554 ἥξειν
624 2501 824 2555 κέραυνον.
873 2502 1002 2542 SCH.

385 2602 483 2646 439.
504 2590 677 2646 γλῶσσἿ
699 2589 837 2643 γλῶττ’
861 2591 925 2632 Μ.

386 2658 580 2712 γίγνεται]
603 2658 753 2710 γίνεται
770 2656 877 2697 libri.

388 2723 617 2779 κατήγορος]
640 2722 875 2765 διδάσκαλος
894 2722 979 2764 duo
998 2723 1116 2765 codd.
1138 2733 1178 2765 et
1198 2724 1308 2765 Rob.

386 2807 484 2847 440.
506 2787 880 2847 παρᾶσκευασμένος
900 2796 967 2836 Μ.

386 2873 485 2913 441.
521 2860 843 2916 κάπογυμνάζων]
876 2863 1104 2904 Exere-ens.
1133 2862 1313 2918 linguam
1346 2862 1508 2914 scilicet,
1540 2873 1587 2904 ut
1614 2863 1766 2904 athleta

331 2941 490 2969 manuS.
538 2928 759 2980 γυμνασίαν
791 2927 979 2970 dicebant
1019 2929 1201 2971 rhetores
1239 2929 1390 2986 linguae
1428 2929 1765 2972 exercitationem.
