1898 3256
677 229 767 270 AD
798 228 1052 270 PERSAS.
1518 226 1601 270 271

139 341 318 395 διαφέρει
347 342 390 384 δὲ
419 344 498 383 τῶν
524 342 747 395 κορύμβων.
778 341 972 395 ἄφλαστα
1001 341 1077 392 μὲν
1103 338 1269 393 λέγεται
1295 340 1345 381 τὰ
1369 338 1608 392 πρυμνήσια,

138 408 318 463 κόρυμβα
343 410 385 451 δὲ
419 411 467 451 τὰ
499 409 713 463 πρωρήσια.
766 407 998 450 Confundit
1026 406 1226 464 Apollon.
1263 406 1408 449 Rhod.
1441 420 1481 458 2,
1511 408 1610 464 603.

132 475 290 530 Ἐμπης
320 476 351 519 δ’
374 477 600 531 ἀφλάστοιο
630 477 871 531 παρέθρισεν
890 478 989 531 ἄκρα
1011 475 1201 530 κόρυμβα.
1253 476 1386 518 Plura
1404 476 1611 533 congessit

138 546 305 586 Auctor
334 544 510 586 Dissert.
549 545 602 586 de
634 545 779 587 Tutel.
808 555 849 587 et
882 544 1043 601 Insign.
1073 544 1259 586 Navium
1296 560 1338 602 p.
1364 546 1462 599 296.
1512 543 1610 588 Vid.

112 622 117 625 ·
138 610 245 653 infra
262 613 359 666 664.
393 613 590 654 Ceterum
613 613 832 655 scholiasta
853 613 941 654 haec
960 612 1099 663 habet⁷
1122 611 1250 667 ἀρχὴν
1271 612 1397 653 ἐποίει
1417 615 1487 653 τοῦ
1506 613 1610 666 πρώ-

139 697 207 722 του
236 681 414 734 πολέμου
444 684 539 725 ναῦς
557 680 784 734 Ἀθηναϊκὴ,
806 681 930 735 ἤγουν
950 680 1181 732 Λυκομήδης
1208 681 1229 721 ὁ
1252 680 1473 735 Αἰσχραίου
1503 683 1611 724 παῖς.

140 748 386 790 Herodotus
416 763 514 790 vero
537 761 578 803 7,
602 750 670 803 84.
699 748 899 801 Ἀμεινίης
928 750 949 790 ὁ
981 747 1233 801 Παλληνεὺς,
1257 748 1355 802 ἀνὴρ
1384 747 1610 801 Ἀθηναῖος,

141 815 375 872 ἐξαναχθεὶς
396 817 462 870 νηὶ·
481 817 692 870 ἐμβάλλει.
724 818 1025 870 συμπλακείσης
1051 818 1093 859 δὲ
1114 819 1182 868 τῆς
1211 816 1318 869 νηὸς,
1342 817 1405 859 καὶ
1425 817 1471 859 οὐ
1493 820 1610 860 δυνα-

139 885 271 938 μένων
290 886 587 940 ἀπαλλαγῆναι,
610 887 709 928 οὕτω
740 886 787 938 δὴ
817 887 855 928 οἱ
884 886 1005 928 ἄλλοι
1030 884 1209 937 Ἀμεινίῃ
1236 884 1476 937 βοηθέοντες
1496 884 1612 927 συνέ-

138 971 299 1008 μισγον.
350 954 611 1011 Lycomedes
648 970 748 996 vero
787 955 948 1011 primus
984 968 1133 995 navem
1174 952 1382 995 Persicam
1419 953 1530 1010 cepit
1568 953 1611 995 in

138 1037 282 1079 pugna
311 1022 426 1079 apud
459 1023 762 1075 Artemisium3
794 1021 1003 1065 Herodot.
1032 1022 1073 1073 8,
1110 1035 1175 1064 11.
1214 1021 1325 1063 unde
1351 1036 1467 1063 error
1494 1031 1613 1064 ortus

137 1100 210 1133 est.
272 1090 509 1133 Phoenissas
542 1100 683 1133 autem
715 1106 842 1133 naves
875 1089 1203 1132 Atheniensibus
1234 1089 1446 1146 oppositas
1482 1089 1612 1132 fuisse

138 1159 266 1201 tradit
298 1159 555 1202 Herodotus.
609 1160 806 1202 Ceterum
828 1158 1044 1201 Aminiam
1073 1157 1199 1199 istum
1221 1157 1413 1215 AEschyli
1436 1157 1610 1200 fratrem

135 1227 264 1270 fuisse
293 1227 411 1270 aiunt
441 1228 655 1270 Diodorus
686 1227 862 1279 Siculus,
885 1237 927 1269 et
947 1243 999 1269 ex
1025 1242 1075 1269 eo
1094 1228 1262 1268 Auctor
1282 1226 1477 1283 AEschyli
1497 1226 1612 1270 vitae.

145 1296 227 1339 Sed
263 1296 497 1353 AEschylus
531 1295 741 1337 communi
781 1295 968 1337 omnium
1001 1310 1202 1337 consensu
1231 1294 1475 1337 Eleusinius
1507 1302 1611 1345 erat,

141 1379 224 1406 non
246 1363 510 1406 Pallenensis.
542 1364 774 1406 BLOMF.

200 1433 350 1489 ἴθυνεν]
366 1434 534 1485 ηὔθυνεν
554 1433 622 1474 Μ.
655 1433 817 1474 εὔθυνεν
839 1431 891 1473 Β.

199 1514 299 1554 412.
322 1502 390 1556 τὰ]
416 1501 479 1543 καὶ
498 1509 581 1542 tres
600 1500 721 1542 codd.
742 1509 784 1542 et
804 1499 917 1542 Rob.

202 1570 263 1626 δὴ]
286 1573 356 1612 νῦν
378 1570 443 1612 Μ.
474 1570 545 1611 οὖν
564 1578 765 1626 quattuor
785 1568 907 1611 codd.
929 1577 970 1609 et
991 1567 1092 1609 Ald.

201 1649 299 1693 415.
321 1638 390 1692 ὑφ’
411 1636 552 1693 αὐτῶν]
573 1636 636 1679 ὑπ’
660 1637 786 1679 αὐτῶν
805 1636 966 1693 aliquot
985 1636 1110 1678 codd.
1132 1645 1174 1678 et
1195 1635 1300 1678 Ald.
1322 1637 1463 1680 Turn.

202 1705 414 1760 ἐμβολαῖς]
459 1703 733 1746 scribendum
774 1702 963 1757 ἐμβόλοις
1000 1719 1096 1746 cum
1132 1703 1329 1746 Stanleio.
1372 1709 1400 1730 “
1418 1704 1612 1757 ἔμβολον,

144 1778 344 1825 rostrum,
373 1786 422 1813 ea
447 1786 555 1829 pars
573 1787 724 1830 ,prorae
742 1787 828 1829 qua
858 1771 1014 1825 ἐμβολὴ
1027 1773 1179 1828 fiebat.
1230 1771 1325 1814 Vid.
1357 1787 1485 1828 supra
1516 1784 1614 1827 279.

145 1841 298 1884 Pollux
330 1855 367 1892 1,
389 1841 459 1896 85.
487 1842 546 1882 Τὸ
572 1844 798 1895 καταλῆγον
826 1841 891 1882 ἐπὶ
917 1841 989 1893 τὴν
1013 1844 1187 1894 πρῶραν,
1213 1840 1469 1894 προεμβολίς·
1499 1839 1544 1882 τὸ
1571 1841 1615 1881 δὲ

144 1910 207 1953 ὑπ’
230 1910 362 1963 αὐτὴν,
386 1911 575 1963 ἔμβολον.
613 1909 801 1967 Hesych.
816 1907 1044 1962 Ἔμβολον.
1076 1909 1284 1962 Εὐριπίδης
1304 1908 1529 1966 Παλαμήδῃ
1545 1908 1615 1953 ,καὶ

147 1979 327 2033 Σκίρωνι,
350 1979 521 2032 ἔμβολα·
552 1979 597 2021 τὸ
630 1981 674 2022 δὲ
704 1978 808 2021 πολὺ
833 1979 1044 2033 ἀρρενικῶς
1072 1976 1255 2030 λέγουσι,
1282 1976 1374 2021 τοὺς
1400 1975 1612 2030 ἐμβόλους.

148 2047 284 2090 Gloss.
307 2048 514 2090 Herodot.
532 2047 754 2101 Ἔμβολος.
774 2046 969 2102 χάλκωμα
988 2044 1293 2099 περιτεθέμενον
1311 2045 1403 2098 περὶ
1422 2044 1494 2097 τὴν
1508 2048 1614 2098 πρῶ-

146 2133 221 2170 ραν
239 2119 326 2160 ταῖς
345 2117 476 2159 ναυσί.
526 2116 728 2174 Thucyd.
752 2127 792 2170 7,
812 2119 884 2172 36.
906 2114 1140 2168 ἀναρρήξειν
1168 2116 1218 2156 τὰ
1240 2114 1448 2168 πρῶραθεν
1467 2113 1614 2164 αὐτοῖς,

147 2185 351 2239 στερίφοις
381 2185 446 2227 καὶ
476 2184 636 2240 παχέσι
665 2186 765 2239 πρὸς
804 2188 920 2226 κοῖλα
960 2183 1024 2225 καὶ
1064 2183 1215 2235 ἀσθενῆ
1255 2180 1497 2236 προέχοντες
1533 2186 1617 2227 τοῖς
1671 2188 1675 2190 ’

147 2251 351 2306 ἐμβόλοις.
413 2253 481 2296 Sic
514 2253 623 2295 enim
658 2252 882 2310 legendum
910 2260 1016 2309 puto
1041 2266 1120 2308 pro
1151 2247 1411 2305 παρέχοντες,
1442 2265 1494 2292 ex
1529 2265 1617 2307 quo

147 2336 289 2364 sensus
317 2321 492 2364 idoneus
518 2322 608 2364 elici
634 2321 793 2378 nequit.
843 2319 1065 2371 Quomodo
1085 2327 1224 2361 autem
1246 2318 1336 2360 haec
1356 2317 1494 2360 classis
1515 2319 1616 2360 Per-

148 2389 240 2432 sicae
260 2389 448 2431 confusio
467 2399 559 2432 orta
579 2390 629 2431 sit
649 2389 746 2430 vide
764 2403 833 2444 ap.
851 2387 1060 2431 Herodot.
1083 2387 1124 2438 8,
1147 2387 1241 2442 89.''
1271 2387 1508 2429 BLOMF.

203 2470 303 2512 417.
339 2456 616 2512 ἀφραδμόνως]
653 2455 927 2498 Scribendum
963 2453 1232 2509 ἀφρασμόνως
1265 2470 1318 2496 ex
1354 2455 1483 2496 ΜΝ.
1518 2469 1617 2511 quae

149 2524 284 2566 forma
301 2524 455 2581 legitur
475 2526 631 2580 Agam.
655 2537 753 2579 290.
778 2535 900 2576 1401.

207 2605 305 2647 419.
327 2591 533 2649 θάλασσα]
556 2592 770 2635 θάλασσαν
790 2591 895 2634 Ald.
920 2591 1058 2633 Turn.

208 2659 239 2701 δ’
261 2676 342 2703 om.
365 2662 502 2705 Turn.

208 2741 306 2781 421.
338 2729 552 2785 ἐπλήθυον]
580 2728 802 2781 ἐπλήθυνον
828 2727 990 2783 aliquot
1016 2725 1140 2771 codd.
1169 2735 1212 2768 et
1231 2724 1334 2774 Ald.
1371 2724 1618 2779 ἐκπλήθυνογ

152 2797 289 2838 Turn.

208 2875 308 2916 422.
348 2862 543 2920 ἀκόσμως]
585 2863 860 2906 scribendum
900 2861 1061 2919 ἀκόσμῳ
1095 2876 1192 2904 cum
1233 2860 1497 2905 casaubono.
1549 2861 1617 2906 Sic

154 2947 192 2973 v.
215 2943 314 2986 470.
336 2930 412 2984 ἴησ’
435 2930 594 2988 ἀκόσμῳ
614 2930 685 2984 ξὺν
705 2934 828 2988 φυγῇ,
850 2930 922 2974 ubi
942 2930 1030 2976 duo
1049 2929 1170 2978 codd.
1189 2927 1384 2982 ἀκόσμως.
