1898 3256
362 232 452 273 AD
486 231 740 274 SEPTEM
772 228 1104 271 ADVERSUS
1137 227 1408 268 THEBAS.
1539 226 1623 271 193

156 345 274 394 οἰζύν.
316 345 358 395 ἐξ
388 344 434 385 οὗ
464 343 660 385 Eustath.
692 342 744 384 ad
779 341 901 383 Iliad.
934 345 984 382 A.
1021 355 1107 397 qua
1140 340 1292 396 pagina
1322 354 1404 381 non
1440 338 1622 380 memini.

155 412 390 454 BLOMF.
452 410 705 453 Revocanda
724 410 924 451 librorum
947 408 1153 465 scriptura
1175 407 1230 459 ἐξ.

213 481 311 534 596.
343 480 472 534 θεοὺς]
505 479 599 521 θεὸν
629 478 754 520 habet
778 476 979 519 Collectio
1010 477 1319 518 Sententiarum
1344 491 1395 517 ex
1419 474 1624 531 AEschylo

154 548 255 588 MS.
278 549 449 589 Barocc.
471 547 540 588 68.
570 547 690 603 cujus
720 545 906 588 notitiam
937 545 1165 588 Gaisfordii
1196 543 1446 586 humanitati
1476 543 1620 585 debeo.

156 617 390 658 BLOMF.

210 695 308 739 597.
349 684 525 739 βροτοῖς]
559 683 728 736 βροτοὺς
767 698 790 723 e
826 683 994 724 Barocc.
1029 681 1245 723 annotavit
1273 682 1513 730 ·Burtonus‚
1552 679 1622 721 sed

154 767 306 802 errore,
328 762 375 793 ut
394 752 552 809 opinor.
586 751 820 792 BLOMF.

210 821 312 876 598.
345 818 693 873 δυσσεβεστέροις]
726 817 1063 870 δυσσεβεστάτοις
1093 817 1217 859 codd.
1249 817 1408 874 aliquot
1439 826 1480 858 et
1508 815 1621 857 Rob.

157 888 281 939 Quod
301 887 625 945 praeferendum.

211 970 310 1012 599.
332 957 489 1009 ὁμιλίας
509 955 640 1011 κακῆς]
663 954 890 1011 Euripides
912 953 1099 1010 Supplic.
1125 966 1220 1008 223.

330 1043 460 1084 κοινᾶς
479 1043 555 1094 γὰρ
575 1042 596 1081 ὁ
618 1040 708 1083 θεὸς
726 1041 795 1083 τὰς
814 1040 936 1093 τύχας
955 1039 1173 1092 ἡγούμενος

326 1112 409 1152 τοῖς
428 1111 498 1149 τοῦ
518 1111 732 1151 νοσοῦντος
751 1106 928 1159 πήμασιν
949 1108 1144 1148 διώλεσεν

327 1175 398 1217 τὸν
418 1176 464 1216 οὐ
485 1178 682 1217 νοσοῦντα
702 1175 841 1216 κούδὲν
860 1176 1081 1231 ἠδικηκότα.

158 1264 308 1305 Horat.
332 1261 413 1304 Od.
435 1275 477 1317 3,
502 1274 539 1311 2,
561 1274 628 1315 31.

617 1344 778 1395 vetabo,
798 1344 871 1400 qui
894 1344 1057 1386 Cereris
1077 1359 1238 1385 sacrum

328 1413 521 1470 Vulgarit
541 1428 717 1463 arcanae,
740 1412 818 1454 sub
838 1412 983 1454 iisdem

387 1482 450 1523 Sit
472 1481 671 1532 trabibus,
694 1481 968 1537 fragilemque
989 1494 1150 1521 mecum

329 1549 472 1591 Solvat
492 1549 720 1605 phaselum.
784 1550 905 1605 Saepe
926 1547 1138 1604 Diespiter

328 1617 556 1675 Neglectus
574 1617 729 1659 incesto
749 1616 909 1658 addidit
929 1616 1154 1672 integrum.
1188 1616 1409 1657 STANL.

214 1704 313 1744 600.
336 1702 470 1744 κάκιον
488 1702 621 1757 οὐδὲν]
645 1703 760 1743 οὐδὲν
781 1701 917 1742 κάκιον
938 1699 1069 1742 codex
1092 1714 1217 1740 unus.

215 1772 311 1812 601.
336 1770 458 1823 ’Ἄτης
488 1771 634 1824 ἄρουρα
663 1770 834 1812 θάνατον
856 1768 1144 1824 ἐκκαρπίζεται]
1168 1768 1300 1808 Hunc
1320 1782 1484 1809 versum
1508 1768 1622 1809 unci-

156 1838 266 1880 nulis
284 1838 541 1880 incluserunt
570 1837 742 1879 Schutz.
765 1838 938 1879 Porson.
1006 1835 1183 1877 Videtur
1203 1834 1389 1876 senarius
1409 1836 1622 1892 proverbi-

155 1906 230 1949 alis
248 1906 389 1958 fuisse,
409 1906 483 1963 qui
503 1922 528 1947 a
548 1906 697 1947 lectore
717 1905 900 1962 quodam
920 1902 1314 1960 diligente‘margini
1335 1903 1542 1960 appionis,
1564 1903 1623 1946 ita

155 1976 196 2017 in
233 1985 393 2017 textum
429 1974 616 2030 irrepsit:
658 1974 742 2015 vid.
776 1975 891 2015 Pers.
921 1974 1017 2015 822.
1078 1971 1207 2014 Adde
1241 1971 1357 2027 quod
1392 1974 1622 2025 καρπίζομαι

155 2058 363 2100 nusquam
383 2059 408 2085 a
427 2043 592 2100 tragicis
617 2043 659 2084 in
693 2043 768 2084 hoc
796 2057 915 2083 sensu
942 2041 1127 2098 ponitur,
1149 2039 1220 2081 sed
1249 2042 1481 2093 καρποῦμαι,
1514 2056 1621 2097 prae-

156 2123 344 2168 terquam
377 2111 420 2152 in
454 2111 603 2167 Eurip.
641 2110 820 2168 Hippol.
854 2122 953 2165 437.
987 2109 1059 2151 ubi
1091 2118 1201 2150 recte
1236 2108 1377 2150 Aldus
1413 2110 1619 2160 κομίζεται.

156 2180 412 2223 Valckenaer.
446 2180 499 2221 ad
531 2179 707 2237 Hip-pol.
735 2192 831 2235 431.
864 2179 976 2220 hunc
1003 2193 1168 2219 versum
1200 2177 1343 2218 laudat
1372 2176 1491 2233 quasi
1524 2176 1620 2218 uni-
1679 2179 1683 2182 '

155 2264 266 2299 cum,
298 2249 412 2305 quod
444 2248 558 2305 apud
589 2259 746 2291 veteres
778 2257 927 2299 exstat,
956 2246 1195 2303 exemplum
1230 2244 1346 2287 verbi
1374 2246 1619 2298 καρπίζομαι.

157 2317 386 2358 BLOMF.
451 2318 623 2357 Versum
664 2317 718 2358 ab
756 2316 923 2358 homine
964 2315 1202 2357 Christiano
1240 2314 1495 2370 adscriptum
1533 2329 1620 2355 esse

147 2384 422 2440 ⁴probabiliter
441 2384 614 2440 conjecit
635 2385 845 2426 Dobraeus
866 2385 1094 2426 Adversar.
1115 2385 1196 2425 vol.
1215 2397 1251 2425 Ι.
1272 2398 1314 2439 p.
1337 2396 1437 2438 344.
1492 2382 1619 2424 Scho—
1639 2392 1642 2395 '

158 2452 276 2493 liasta
295 2452 350 2493 sic
369 2452 678 2508 interpretatur,
699 2453 823 2504 λύμης
842 2453 990 2506 χωρίον
1008 2453 1032 2503 ἡ
1053 2455 1130 2492 τῶν
1149 2455 1331 2504 πονηρῶν
1352 2451 1483 2503 φιλία.

217 2521 312 2560 602.
333 2519 373 2573 ἦ]
394 2519 526 2559 Error
546 2518 776 2574 typothetae
797 2534 873 2575 pro
892 2519 929 2571 ἢ.

215 2584 442 2639 ξυνεισβὰς]
465 2584 735 2626 scribendum
758 2587 968 2639 ξυνεσβάς.

217 2653 314 2707 603.
337 2654 517 2693 ναύταισι
537 2652 821 2694 Blomfieldus.
853 2655 1017 2711 ναύτῃσι
1036 2654 1144 2696 libri.

215 2719 385 2774 θερμοῖς]
407 2720 621 2769 Fer-vidis,
642 2721 856 2776 improbis.
918 2722 1096 2763 Photius
1116 2731 1157 2762 et
1180 2721 1296 2763 Suid.
1322 2721 1493 2773 Θερμός.
1525 2724 1618 2774 θρα-

158 2788 243 2829 σύς.
266 2787 445 2828 Eumen.
468 2788 568 2843 563.
588 2789 696 2841 Γελᾷ
717 2787 748 2828 δ’
777 2790 798 2828 ὁ
830 2790 976 2841 δαίμων
999 2791 1056 2831 ἐπ’
1079 2790 1191 2842 ἀνδρὶ
1222 2791 1364 2844 θερμῷ.
1399 2789 1534 2830 Schol.
1566 2790 1621 2831 ad

159 2854 349 2910 Choeph.
383 2855 478 2907 627.
519 2854 698 2911 explicat
736 2855 981 2909 ἀθέρμαντον
1013 2873 1088 2914 per
1127 2857 1388 2910 ἆθράσυντον.
1427 2857 1620 2914 Sophocl.

155 2923 307 2977 Antig.
329 2923 397 2963 88.
429 2922 575 2976 θερμὴν
602 2924 777 2976 καρδίαν,
803 2925 1016 2966 audacem.
1047 2924 1267 2982 Aristoph.
1295 2925 1409 2967 Plut.
1431 2939 1529 2980 415.
1562 2925 1621 2968 47Ω,

156 2989 300 3042 θερμὸν
331 2989 448 3043 ἔργον
479 2991 678 3039 κάνόσιον,
712 2992 774 3033 καὶ
803 2993 1043 3046 παράνομον.
1078 2994 1208 3051 Soph.
1232 2994 1410 3036 Philoct.
1433 3008 1529 3051 927.
1561 2994 1620 3038 ‘⁷52

851 3075 874 3101 B
896 3061 924 3102 b
