1898 3256
346 234 408 280 ι58
823 240 1314 280 ANNOTATIONES

357 362 437 387 non
457 347 552 388 satis
572 357 729 388 certum
749 358 1037 403 argumentum
1059 357 1132 395 est,
1155 362 1282 401 quum
1312 361 1374 387 res
1396 347 1627 387 Promethei
1648 347 1788 387 relicto

358 413 530 455 naturali
552 414 693 454 ordine
713 423 959 469 pertractare
980 413 1204 469 AEschylus
1224 413 1414 468 potuerit.

413 482 508 535 369.
539 482 699 533 λευροὺς
719 481 783 521 Μ.
806 481 914 521 Rob.
967 481 1205 535 Legebatur
1229 479 1382 532 λευράς.
1425 480 1495 520 τὸν
1524 481 1620 531 γύην
1650 479 1789 534 tragici

358 547 491 587 dicere
526 547 669 597 solent,
704 562 786 588 non
817 547 886 598 τὴν
916 548 1035 599 γύηνε
1069 547 1120 587 de
1154 561 1237 600 quo
1270 546 1348 586 vid.
1388 546 1529 586 Elmsl.
1560 546 1611 586 ad
1644 545 1788 600 Eurip.

362 612 527 653 Heracl.
554 614 647 667 839.

418 680 527 734 γύας]
551 679 668 720 Libri
690 679 827 734 plures
846 681 967 732 γυίας.

417 756 515 800 371.
545 746 715 799 θερμοῖς]
747 748 885 798 θερμῇς
917 746 981 786 Μ.
1033 747 1171 797 θερμῆς
1202 745 1315 787 Α.Β,
1351 746 1645 800 (superscripto
1670 745 1709 784 in
1741 744 1791 784 B.

363 815 534 864 θερμοῖς)
555 811 704 866 aliique
724 812 842 851 multi
862 820 903 851 et
923 812 1031 850 Rob.
1055 810 1197 865 steph.
1593 807 1605 817 ⁹

421 877 637 930 ἀπλήστου]
669 878 871 927 ἄπληστον
893 879 934 916 δὲ
956 876 1120 930 (λέγει),
1142 879 1237 917 διότι
1256 877 1300 917 τὸ
1319 880 1393 929 πῦρ
1421 879 1516 929 ὕλης
1541 878 1791 930 δραξάμενον,

364 944 409 983 οὐ
444 942 667 994 κορέννυται
698 942 819 982 schol.
871 943 982 982 Pene
1016 942 1197 997 suspicor
1233 943 1446 996 legendum
1487 959 1571 984 esse
1605 943 1792 989 ἀπλάτου,

368 1008 571 1061 (Schutzii
599 1008 772 1059 ἀπλήτου
800 1008 986 1048 Ionicum
1017 1011 1111 1062 est),
1137 1024 1160 1048 e
1187 1009 1368 1048 Pindaro
1396 1010 1522 1065 Pyth.
1554 1024 1589 1056 1,
1616 1024 1684 1061 40.
1714 1013 1795 1051 Τᾶς

367 1076 590 1127 ἐρεύγονται
618 1076 691 1126 μὲν
721 1074 895 1115 ἀπλάτου
925 1075 1041 1126 πυρὸς
1072 1076 1280 1126 ἁγνόταται
1312 1076 1353 1115 ἐκ
1383 1080 1515 1129 μυχῶν
1544 1078 1678 1128 παγαί.
1720 1077 1793 1117 So-

367 1141 502 1196 phocl.
544 1142 698 1183 Trach.
739 1154 857 1193 1109.
892 1141 1035 1191 λέοντ’,
1071 1142 1247 1182 ἄπλατον
1287 1142 1448 1194 θρέμμα,
1489 1143 1795 1195 κᾶπροσήγορον.

370 1208 597 1248 BLOMF.
659 1207 926 1248 Scribendum
948 1207 1113 1247 omnino
1133 1208 1320 1248 ἀπλάτου.

425 1284 520 1329 373.
544 1274 643 1328 HR]
666 1273 862 1314 Deleatur
878 1283 973 1314 nota
994 1288 1188 1330 personae.
1228 1274 1319 1315 Vid.
1343 1276 1394 1315 ad
1418 1291 1454 1315 v.
1475 1288 1570 1330 347.

426 1339 508 1394 οὐκ]
530 1340 574 1380 οὐ
595 1341 701 1380 Rob.

426 1407 665 1460 377—380.
696 1407 827 1462 Apud
856 1407 1104 1457 Ciceronem,
1131 1407 1351 1463 interprete
1384 1408 1550 1448 forsitan
1588 1407 1717 1457 Attio,
1743 1408 1798 1447 ita

370 1471 516 1512 redditi
539 1481 633 1512 sunt
654 1472 694 1512 hi
715 1487 868 1521 versus,
892 1474 1017 1513 Tusc.
1042 1474 1196 1522 Quaest.
1217 1486 1257 1527 3.
1279 1487 1345 1527 31.

483 1572 572 1613 OC.
607 1572 755 1627 Atqui,
778 1572 1040 1623 Promeffleu,
1061 1584 1100 1613 te
1119 1573 1196 1613 hoc
1218 1583 1352 1613 tenere
1371 1574 1570 1625 existimo,

606 1639 759 1680 mederi
778 1655 894 1694 posse
913 1639 1107 1680 rationem
1129 1639 1363 1681 iracundiae.

486 1707 579 1746 PR.
612 1706 655 1746 Si
675 1706 840 1761 quidem
862 1706 955 1761 quis
974 1707 1252 1761 tempestivam
1275 1707 1511 1748 medicinam
1533 1708 1754 1748 admovens

616 1787 695 1812 non
718 1787 1009 1828 aggravescens
1028 1772 1176 1813 vulnus
1194 1772 1321 1813 illidat
1343 1787 1477 1814 manu.
1539 1775 1755 1815 STANL.

427 1883 522 1925 377.
543 1871 786 1925 γιγνώσκεις]
806 1872 1009 1923 γινώσκεις
1027 1870 1132 1911 libri,

427 1938 525 1991 378.
556 1937 687 1990 ὀργῆς]
719 1937 970 1992 Plerumque
998 1939 1078 1977 ira.
1110 1937 1314 1977 interdum
1347 1953 1421 1993 pro
1439 1938 1550 1991 ψυχή
1570 1938 1634 1978 vel
1662 1942 1802 1991 τρόπος

372 2002 554 2058 ponitur,
576 2002 636 2042 uti
662 2002 702 2041 in
734 2002 811 2042 hoc
829 2002 917 2042 loco
933 2003 1131 2043 intellexit
1152 2003 1410 2044 Plutarchus.
1461 2005 1643 2060 Hesych.
1662 2004 1798 2058 Ὀργή-

371 2070 522 2120 τρόπος.
558 2067 745 2123 Sophocl.
767 2068 886 2122 Ajac.
909 2069 1005 2121 639.
1027 2069 1110 2109 Οὐκ
1130 2069 1437 2121 ἔτι-συντρόφοις
1460 2071 1594 2122 ὀργαῖς
1623 2071 1800 2122 ἔμπεδος.

378 2148 496 2186 1141.
528 2134 696 2186 ἐμφερὴς
725 2134 821 2184 ἐμοὶ,
842 2133 991 2186 Ὀργήν
1019 2134 1052 2174 θ’
1083 2136 1226 2186 ὅμοιος.
1271 2135 1418 2190 Antig.
1439 2146 1537 2189 355.
1565 2138 1802 2188 ἀστυνόμους

375 2205 492 2255 ὀργὰς
521 2201 729 2251 ἐδιδάξατο.
763 2200 928 2241 Pindar.
954 2201 1080 2256 Pyth.
1108 2214 1143 2251 1,
1169 2212 1260 2255 173.
1282 2202 1438 2243 εὐανθεῖ
1463 2203 1495 2242 δ’
1516 2204 1559 2243 ἐν
1582 2205 1680 2256 ὀργᾷ
1707 2221 1802 2256 παρ-

373 2269 515 2322 μένων.
563 2266 774 2321 Theognis
802 2282 871 2321 ap.
903 2266 1058 2307 Athen.
1085 2280 1146 2309 12.
1178 2282 1218 2322 p.
1249 2280 1330 2321 513
1360 2268 1414 2307 D.
1449 2269 1648 2308 πουλύπου
1682 2270 1802 2322 ὀργὴν

374 2339 466 2389 ἴσχε
499 2335 761 2375 πολυπλόκου.
805 2334 1006 2373 Herodot.
1041 2334 1080 2381 6,
1118 2334 1210 2374 128.
1243 2336 1455 2385 διεπειρᾶτο
1491 2333 1636 2374 αὐτέων
1667 2338 1731 2385 τῆς
1761 2352 1803 2375 τε

377 2402 635 2455 ἀνδραγαθίης
656 2400 717 2440 καὶ
743 2401 809 2449 τῆς
829 2400 956 2451 ὀργῆς.
990 2398 1236 2454 Hippocrat.
1259 2399 1310 2439 de
1330 2400 1431 2439 Aer.
1448 2409 1488 2440 et
1510 2401 1591 2454 Aq.
1616 2412 1682 2451 24.
1703 2406 1802 2452 λαμ-

375 2468 581 2522 πρόφωνοί
595 2482 638 2506 τε
657 2467 695 2506 οἱ
714 2465 920 2517 ἄνθρωποι,
942 2464 1063 2517 ὀργήν
1082 2481 1125 2505 τε
1154 2465 1215 2505 καὶ
1241 2466 1397 2515 ξύνεσιν
1414 2467 1595 2517 βελτίους
1624 2467 1701 2507 εἶσὶ
1728 2471 1805 2508 τῶν

374 2534 469 2587 πρὸς
497 2533 566 2573 τὸν
593 2531 751 2583 βορέην.
781 2530 853 2571 ubi
883 2530 966 2570 vid.
989 2531 1137 2586 Coray.
1167 2538 1207 2571 et
1234 2531 1284 2571 cf.
1308 2532 1444 2571 Wass.
1474 2532 1526 2572 ad
1547 2532 1740 2588 Thucyd.
1767 2546 1804 2581 1,

380 2613 472 2653 140.
503 2598 732 2639 BLOMF.
793 2596 1004 2637 Plutarchi
1031 2596 1156 2636 verba
1185 2597 1272 2637 haec
1305 2607 1400 2638 sunt
1433 2599 1543 2638 Mor.
1575 2613 1617 2653 p.
1651 2611 1728 2638 102
1754 2600 1803 2639 B.

378 2670 505 2708 καλῶς
534 2665 641 2717 ἔχειν
668 2662 872 2714 ὑπέλαβον
900 2666 977 2703 τῶν
1001 2666 1317 2715 παραμυθητικῶν
1338 2680 1401 2704 σοι
1425 2667 1655 2714 μεταδοῦναι
1673 2666 1805 2716 λόγων

376 2732 471 2784 πρὸς
485 2732 621 2772 ἄνεσιν
639 2733 706 2781 τῆς
724 2731 847 2780 λύπης
862 2730 923 2770 καὶ
942 2733 1097 2770 παῦλαν
1116 2734 1193 2770 τῶν
1210 2733 1401 2770 πενθικῶν
1421 2731 1483 2770 καὶ
1508 2731 1679 2781 ματαίων
1698 2732 1805 2782 ὀδυρ-

375 2802 470 2848 μῶν.
502 2799 632 2849 ψυχῆς
651 2797 726 2848 γὰρ
747 2797 939 2845 νοσούσης
962 2795 1063 2835 εἰσὶν
1084 2795 1205 2847 ἰατροὶ
1224 2796 1349 2847 λόγοι,
1372 2796 1466 2836 ὅταν
1485 2812 1542 2837 τις
1563 2797 1606 2835 ἐν
1626 2797 1740 2848 καιρῷ
1758 2811 1805 2846 γε

374 2862 589 2913 μαλθάσσῃ
620 2861 723 2912 κέαρ.
754 2861 826 2915 qui
846 2864 977 2914 ψυχῆς
995 2875 1071 2916 pro
1090 2862 1206 2912 ὀργῆς
1223 2860 1284 2900 vel
1314 2861 1400 2915 ipse
1420 2859 1672 2901 substituisse
1691 2859 1803 2899 vide-
