1898 3256
343 234 421 276 116
804 237 1299 278 ANNOTATIONES

394 355 490 397 930.
521 345 645 395 Ζηνός
664 359 750 386 τινα
769 359 863 400 pars
880 344 1065 386 codicum
1085 355 1126 387 et
1146 345 1256 387 Rob.
1305 344 1393 385 Alii
1412 345 1508 387 Διός
1535 359 1637 394 τινα,
1653 344 1766 399 quod

341 409 457 450 estin
477 409 578 450 Ald.
597 411 732 451 Turn.
763 410 890 452 Pauci
910 413 996 452 τινὰ
1017 413 1123 455 Διός.
1159 411 1382 467 AEschylus
1401 410 1512 451 haud
1532 409 1659 451 dubie
1675 410 1770 453 Διὸς

341 475 425 516 τινά
443 475 613 531 scripsit.

395 553 491 595 931.
511 542 633 583 τῶνδέ
651 542 686 595 γ’
709 544 802 597 ἕξει]
829 547 949 585 τῶνδε
969 543 1000 584 δ’
1023 545 1100 594 ἕξει
1119 543 1230 584 Rob.
1249 547 1369 585 τῶνδε
1389 544 1466 593 ἔξει
1486 542 1548 584 vel
1567 541 1676 583 τῶνδ’
1693 543 1770 592 ἕξει

337 606 493 662 aliquot
512 608 631 649 codd.

394 685 487 727 932.
510 673 541 715 δ’
562 689 612 715 ex
633 684 786 730 septem
807 675 1016 716 codicibus
1035 675 1234 716 additum.

395 751 489 793 933.
511 739 543 780 δ’
564 740 629 793 ἂν]
656 741 717 781 δαὶ
738 741 802 780 Μ.

396 818 489 858 934.
521 808 631 846 τοῦδε
659 805 695 858 γ’
727 807 851 859 ἀλγίω
880 808 1011 860 πόροι]
1046 806 1210 856 Malim,
1236 805 1336 847 τοῦδ’
1358 805 1409 846 ἔτ’
1432 807 1570 858 ἀλγίω.
1619 806 1769 846 Noster

339 871 451 910 Pers.
471 872 568 924 438.
601 872 676 912 Καὶ
705 872 760 914 τίς
788 872 930 924 γένοιτ’
951 872 1000 913 ἂν
1022 872 1128 923 τῆσδ’
1151 871 1202 914 ἔτ’
1225 873 1365 928 ἐχθίων
1393 871 1514 924 τύχης
1549 871 1674 926 Soph.
1697 871 1767 911 El.

340 936 462 989 4189.
497 938 572 977 Καὶ
605 941 685 979 πῶς
714 937 855 989 γένοιτ’
887 938 936 978 ἂν
965 937 1072 978 τῶνδ’
1110 936 1161 978 ἔτ’
1198 938 1315 991 ἐχθίω
1346 937 1538 988 βλέπειν;
1572 936 1636 978 Ita
1661 947 1768 978 recte

335 1010 427 1055 post
448 1003 671 1042 Canterum
695 1002 939 1043 Brunckius.
971 1002 1058 1042 Alii
1078 1002 1198 1043 τῶνδέ
1217 1001 1247 1042 τ’
1271 1003 1399 1055 ἐχθίω.
1430 1002 1582 1042 ELM.
1639 1002 1769 1042 Recte

334 1067 566 1109 Elmsleius.

391 1144 487 1188 935.
512 1136 532 1174 ὁ
555 1134 585 1174 δ’
607 1135 676 1175 οὖν
696 1133 929 1174 Elmsleius.
963 1135 1098 1189 Vulgo
1116 1133 1170 1175 ὅδ’
1193 1134 1272 1175 οὖν.
1308 1133 1400 1174 Vid.
1422 1133 1475 1174 ad
1497 1133 1626 1188 Soph.
1647 1132 1766 1187 Ajac.

336 1201 429 1254 961.

391 1268 485 1320 936.
507 1265 786 1320 Ἀδράστειαν]
813 1266 972 1306 Eadem
993 1266 1072 1306 fuit
1092 1282 1138 1307 ac
1158 1266 1345 1317 Νέμεσις,
1364 1266 1641 1321 temperantiae
1663 1267 1765 1307 Dea.

335 1337 362 1356 “
377 1332 450 1372 Ad
471 1331 676 1372 vitandam
707 1331 901 1372 invidiam
923 1331 1059 1372 Graeci
1088 1331 1270 1372 solebant
1297 1331 1445 1382 dicere,
1466 1337 1668 1384 προσκυνῶ
1697 1333 1767 1383 τὴν

334 1398 519 1450 Νέμεσιν.
552 1398 767 1439 Demosth.
789 1398 882 1439 adv.
909 1398 1126 1454 Aristogit.
1151 1412 1186 1440 1.
1215 1413 1256 1454 p.
1277 1410 1374 1453 495.
1405 1399 1482 1439 Καὶ
1510 1398 1767 1450 Ἀδράστειαν

332 1466 405 1515 μὲν
425 1466 624 1517 ἄνθρωπος
652 1464 707 1506 ὢν
737 1466 861 1517 ἔγωγε
890 1469 1103 1517 προσκυνῶ.
1136 1465 1256 1506 Plato
1275 1465 1327 1506 de
1356 1466 1463 1521 Rep.
1484 1477 1524 1518 5.
1551 1468 1766 1517 Προσκυνῶ

333 1532 376 1572 δὲ
403 1530 672 1583 Ἀδράστειαν,
695 1532 724 1571 ὦ
746 1533 943 1578 Γλαύκων,
964 1532 1081 1584 χάριν
1101 1533 1146 1573 οὗ
1163 1532 1298 1583 μέλλω
1317 1533 1493 1585 λέγειν.”
1533 1531 1764 1573 Giacomel-

331 1595 423 1636 lius.
458 1595 669 1651 (Sophocl.
694 1596 803 1636 Phil.
827 1599 920 1650 776.
952 1597 1022 1638 τὸν
1050 1598 1200 1649 φθόνον
1229 1599 1271 1638 δὲ
1299 1599 1553 1650 πρόσκυσον.)
1605 1598 1767 1637 Auctor

333 1660 462 1701 Rhesi
479 1662 577 1711 468.
601 1662 673 1703 σὺν
692 1661 723 1702 δ’
744 1661 978 1717 Ἀδραστείᾳ
994 1662 1116 1714 λέγω.
1146 1661 1374 1717 Alciphron
1394 1662 1478 1717 Ep.
1502 1674 1539 1708 Ι,
1554 1674 1579 1716 3
1583 1674 1625 1716 3.
1645 1677 1766 1713 προσ-

333 1731 432 1768 κυνῶ
452 1729 494 1768 δὲ
514 1727 583 1778 τὴν
602 1728 791 1779 Νέμεσιν.
851 1730 917 1770 De
947 1728 1119 1769 nominis
1138 1728 1293 1783 origine
1313 1728 1423 1769 varia
1442 1727 1611 1768 tradunt
1632 1742 1766 1782 gram-

331 1793 480 1834 matici.
521 1794 798 1834 Antimachus
820 1794 951 1849 (apud
969 1793 1156 1835 Strabon.
1186 1807 1198 1834 ι
1205 1807 1244 1848 3.
1265 1809 1308 1850 p.
1328 1794 1425 1849 588.
1456 1795 1702 1848 Harpocrat.
1725 1803 1766 1834 et

335 1859 449 1900 Suid.
470 1859 511 1900 in
534 1875 575 1900 v.
597 1860 790 1902 Eustath.
811 1860 864 1901 ad
896 1860 947 1902 Il.
969 1865 1013 1902 B.
1046 1876 1085 1915 p.
1106 1874 1205 1915 355,
1230 1873 1296 1903 12.
1319 1861 1383 1901 M.
1404 1859 1593 1915 Apostol.
1618 1873 1655 1910 Ι,
1674 1861 1763 1912 40.)

331 1926 457 1967 tradit
476 1926 668 1967 Nemesin
689 1926 746 1967 ita
766 1926 1012 1967 nominatam
1040 1926 1179 1976 fuisse,
1199 1926 1297 1982 quia
1315 1926 1471 1982 primus
1498 1926 1540 1966 in
1570 1925 1764 1967 honorem

331 1993 420 2048 ejus
444 2008 556 2034 aram
585 1993 844 2034 dedicaverat
872 1993 1092 2034 Adrastus.
1148 1993 1386 2034 Antimachi
1415 2007 1556 2034 versus
1584 1993 1627 2033 hi
1656 2003 1764 2035 sunt.

325 2058 444 2099 Ἔστι
472 2059 516 2100 δέ
543 2076 600 2102 τις
629 2059 800 2110 Νέμεσις
827 2059 979 2111 μεγάλη
1008 2060 1107 2110 θεὸς,
1127 2060 1151 2110 ἢ
1174 2059 1264 2100 τάδε
1293 2059 1422 2100 πάντα
1450 2059 1558 2111 Πρὸς
1582 2060 1766 2112 μακάρων

332 2124 490 2177 ἔλαχεν,
511 2125 649 2175 βωμὸν
669 2124 712 2164 δέ
731 2127 769 2165 οἱ
789 2125 921 2165 εἵσατο
941 2129 1088 2177 πρῶτος
1105 2124 1324 2178 Ἀδρηστος
1341 2130 1530 2177 ποταμοῖο
1548 2128 1654 2177 παρὰ
1671 2127 1765 2178 ῥόον

331 2190 535 2241 Αἰσήποιο,
551 2189 679 2231 Ἔνθα
697 2191 895 2242 τετίμηταί
920 2207 963 2231 τε
993 2191 1055 2231 καὶ
1076 2191 1307 2243 Ἀδρήστεια
1331 2196 1515 2233 καλεῖται.
1575 2193 1674 2233 Huc
1703 2208 1765 2234 re-

331 2256 449 2312 spicit
480 2255 754 2297 Callimachus
784 2257 897 2311 apud
928 2257 1052 2297 schol.
1083 2258 1225 2313 Apoll.
1256 2259 1395 2300 Rhod.
1426 2272 1461 2308 1,
1491 2261 1611 2299 1116.
1644 2258 1694 2300 ‘O
1721 2261 1763 2300 δὲ

332 2324 590 2375 Καλλίμαχός
618 2328 740 2374 φησιν
761 2324 804 2363 ἐν
822 2321 1107 2374 Ὑπομνήμασι,
1127 2324 1303 2376 Νέμεσιν
1333 2324 1433 2365 εἶναι
1461 2325 1530 2375 τὴν
1559 2325 1603 2365 τὸ
1629 2327 1763 2367 πεδίον

333 2389 586 2441 κατέχουσαν.
621 2390 693 2441 (sc.
715 2402 904 2443 campum
928 2388 1178 2442 Adrasteae).
1199 2391 1411 2447 subjungit
1431 2391 1657 2440 scholiasta,
1679 2392 1764 2432 ἔστι

331 2457 374 2496 δὲ
395 2456 457 2496 καὶ
476 2455 589 2496 πόλις
620 2454 837 2505 καλουμένη
855 2454 1087 2507 Ἀδρήστεια
1106 2458 1182 2498 ἀπὸ
1202 2462 1270 2498 τοῦ
1301 2458 1564 2510 ἱδρυσαμένου.
1614 2459 1764 2498 Deme-

331 2520 434 2561 trius
462 2534 560 2560 vero
590 2521 610 2559 ὁ
637 2519 827 2572 Σκήψιος,
854 2521 967 2576 apud
995 2522 1180 2572 Suidam,
1203 2522 1391 2576 ’Ἄρτεμίν
1420 2529 1542 2575 φησιν
1570 2523 1668 2564 εἶναι
1694 2524 1764 2573 τὴν

330 2586 599 2640 Ἀδράστειαν,
621 2586 696 2626 ὑπὸ
721 2585 938 2638 Ἀδράστου
967 2587 1069 2630 τινὸς
1099 2589 1314 2640 ἱδρυμένην,
1334 2589 1392 2630 ita
1410 2589 1516 2630 enim
1549 2589 1696 2630 Suidas
1724 2599 1765 2630 et

333 2652 634 2709 Harpocration
665 2667 716 2693 ex
746 2654 809 2694 M.
837 2653 1050 2709 Apostolio
1078 2655 1307 2711 corrigendi
1337 2666 1443 2696 sunt.
1492 2655 1591 2696 Alia
1618 2655 1764 2696 insistit

330 2719 397 2760 via
427 2721 637 2761 Cornutus
666 2719 734 2759 De
763 2719 858 2760 Nat.
887 2720 1010 2760 Deor.
1038 2733 1100 2774 13.
1132 2722 1204 2776 qui
1230 2723 1422 2777 Atropon
1450 2733 1492 2762 et
1516 2721 1762 2762 Adrasteam

331 2800 455 2827 unam
485 2800 569 2826 esse
598 2785 676 2831 ait;
710 2785 813 2836 Αὕτη
842 2785 886 2826 δέ
919 2786 992 2838 (sc.
1023 2787 1047 2836 ἡ
1073 2786 1283 2842 Ἀτροπος)
1312 2789 1398 2828 ἐστι
1427 2787 1489 2828 καὶ
1518 2787 1761 2840 Ἀδράστεια·

329 2852 413 2903 ἤτοι
432 2853 537 2904 παρὰ
556 2852 600 2892 τὸ
619 2852 787 2904 ἄφυκτος
803 2852 864 2893 καὶ
883 2853 1176 2904 ἇναπόδραστος
1205 2854 1303 2895 εἶναι
1325 2853 1593 2906 ὠνομασμένη,
1614 2852 1638 2904 ἢ
1657 2855 1762 2904 παρὰ
