1898 3256
564 222 654 263 AD
686 218 1167 263 PROMETHEUM.
1543 213 1602 257 59

133 342 219 384 tur,
239 349 325 390 quo
346 334 472 376 verba
501 343 636 390 poetae
663 348 739 374 suo
768 330 1099 374 accommodaret
1118 329 1304 379 consilio,
1324 327 1389 368 vel
1413 341 1465 368 ex
1495 324 1601 366 alius

133 412 280 458 poetae,
302 402 474 443 fortasse
495 400 724 458 Euripidis,
743 415 864 442 versu
885 399 1006 442 simili
1027 398 1262 456 sumpsisse.
1296 394 1461 438 Eodem
1478 392 1603 435 modo

134 470 332 527 scriptum
352 470 466 511 hunc
489 484 653 511 versum
683 469 804 510 affert
824 467 1090 518 Eustathius,
1112 466 1184 508 sed
1214 474 1338 523 poeta
1357 478 1438 506 non
1470 461 1602 504 nomi-

134 546 248 586 nato,
270 552 313 593 p.
333 538 432 591 696,
447 550 517 593 33.
542 538 640 578 κατᾶ
660 538 735 589 γὰρ
756 536 828 587 τὴν
846 536 1070 591 τραγῳδίαν
1088 537 1224 589 ψυχῆς
1245 551 1278 575 ν.
1300 533 1403 574 εἰσὶν
1424 533 1450 572 ἶ.
1472 531 1601 583 λόγοι,

136 605 200 646 καὶ
226 606 247 645 6
274 608 327 661 τῷ
356 604 582 660 θυμουμένῳ
613 607 728 647 εἴκων
755 606 800 646 ἐν
827 607 946 659 καιρῷ
973 605 1086 658 τύχοι
1111 603 1162 645 ἂν
1194 603 1313 644 αὐτοῦ
1340 601 1479 657 ῥᾳδίως
1505 599 1604 639 ὅσον

136 672 258 713 θέλει.
285 673 380 725 (hoc
409 688 460 714 ex
493 672 645 728 Eurip.
678 674 750 714 Or.
784 675 902 726 700.)
925 672 1162 728 iterumque
1191 686 1234 727 p.
1263 681 1389 725 1005,
1419 680 1485 711 21.
1518 666 1605 707 ἐπεὶ

137 740 200 780 καὶ
221 741 343 793 φύσει
373 742 471 781 κατὰ
496 740 568 781 τὸν
598 741 760 782 εἰπόντα
788 743 923 794 ψυχῆς
954 757 990 781 ν.
1022 739 1125 781 εἰσὶν
1153 741 1176 780 ἶ.
1198 739 1330 791 λόγοι.
1375 737 1603 778 Isocratem

136 822 179 862 p.
208 809 283 860 167
308 808 363 848 A.
393 807 649 864 comparavit
677 807 896 858 Stanleius‚
917 806 1042 858 Ὓμᾶς
1062 808 1105 847 δὲ
1126 806 1204 860 χρὴ
1222 809 1378 858 πρῶτον
1396 805 1471 856 μὲν
1490 805 1604 844 τοῦτο

138 877 390 929 γιγνώσκειν,
419 877 479 916 ὅτι
509 880 586 916 τῶν
613 875 702 928 περὶ
732 875 777 916 τὸ
813 879 927 927 σῶμα
956 873 1190 926 νοσημάτων
1220 873 1372 915 πολλαὶ
1402 874 1606 925 θεραπεῖαι

140 945 203 985 καὶ
217 944 464 986 παντοδαπαὶ
485 948 567 987 τοῖς
598 946 743 997 ἰατροῖς
773 945 965 996 εὕρηνται,
987 947 1072 986 ταῖς
1097 943 1139 984 δὲ
1165 945 1318 996 ψυχαῖς
1345 944 1431 983 ταῖς
1462 939 1605 981 νοσού-

141 1030 232 1056 σαις
253 1013 315 1054 καὶ
334 1014 552 1066 γεμούσαις
570 1016 752 1066 πονηρῶν
769 1013 982 1064 ἐπιθυμιῶν
1002 1010 1117 1052 οὐδέν
1139 1012 1249 1051 ἐστιν
1268 1010 1373 1050 ἄλλο
1397 1007 1607 1061 φάρμακον

140 1081 248 1132 πλὴν
276 1082 398 1134 λόγος
427 1083 448 1122 6
479 1085 636 1133 τολμῶν
665 1084 747 1123 τοῖς
778 1078 1112 1132 ἁμαρτανομένοις
1144 1077 1408 1128 ἐπιπλήττειν.
1441 1085 1483 1117 et
1513 1076 1608 1116 Me-

142 1148 291 1189 nandri
322 1164 484 1190 versum
520 1148 628 1190 inter
658 1147 912 1189 monosticha
945 1148 1040 1188 286.
1066 1145 1131 1187 ed.
1162 1147 1237 1186 Br.
1265 1146 1388 1198 λόγος
1415 1144 1493 1197 γάρ
1522 1145 1608 1184 ε’στι

143 1216 352 1270 φάρμακον
385 1218 510 1268 λύπης
542 1218 679 1269 μόνον.
716 1216 895 1271 denique
935 1231 985 1256 ex
1028 1214 1197 1255 homilia
1227 1213 1408 1269 quadam
1452 1210 1608 1262 Basilii,

144 1286 284 1335 ὁμοίως
300 1286 342 1325 δὲ
364 1285 427 1326 καὶ
446 1286 467 1325 6
490 1284 621 1338 ἰατρὸς
639 1289 717 1325 τῶν
737 1288 881 1338 ψυχῶν
900 1285 1010 1335 ἡμῶν
1029 1285 1049 1324 ὁ
1071 1281 1195 1335 λόγος
1214 1282 1285 1332 τὴν
1300 1280 1376 1322 ὑπὸ
1397 1283 1464 1331 τῆς
1487 1282 1609 1332 ἆμαρ-

143 1353 228 1395 τίας
248 1351 519 1404 κεκακωμένην
538 1353 677 1406 ψυχὴν
696 1354 760 1393 διὰ
779 1356 847 1392 τοῦ
867 1355 1004 1404 μικροῦ
1025 1352 1163 1392 τούτου
1183 1348 1435 1401 βοηθήματος
1463 1348 1608 1399 ἐξιᾶτο.

148 1419 246 1460 Alia
270 1419 509 1476 hujusmodi
539 1419 680 1461 attulit
711 1418 1000 1468 Blomfiefflus,
1021 1419 1128 1460 inter
1148 1434 1244 1474 quae
1265 1416 1491 1458 Menandri
1522 1431 1611 1457 sen-

147 1488 274 1529 tentia
293 1498 355 1529 est
374 1488 427 1528 ab
448 1487 664 1529 scholiasta
684 1497 935 1544 comparata,
956 1486 1079 1541 λόγος
1108 1489 1185 1540 γὰρ
1216 1487 1484 1540 ἀνθρώποισιν
1509 1487 1612 1526 ἰᾶται

147 1555 299 1598 νόσους·
328 1555 334 1612 Ι
359 1558 493 1610 ψυχῆς
526 1558 602 1609 γὰρ
644 1557 757 1599 οὗτος
787 1554 907 1607 μόνος
941 1557 1027 1610 ἔχει
1067 1555 1288 1609 θελκτήρια,
1323 1554 1465 1611 paullo
1495 1553 1615 1595 aliter

147 1623 298 1679 scripta
327 1623 440 1680 apud
478 1623 736 1665 scholiastam
774 1623 952 1664 Homeri
990 1623 1041 1665 Il.
1072 1628 1124 1674 Ο,
1151 1636 1249 1678 393.
1287 1621 1418 1676 ἰατρός
1446 1624 1556 1663 ἐστιν
1592 1623 1613 1662 ὁ

146 1690 268 1744 λόγος
288 1692 505 1744 ἀνθρώποις
527 1691 671 1733 νόσων·
698 1691 704 1747 Ι
731 1696 875 1745 ψυχῶν
891 1694 967 1745 γὰρ
984 1692 1098 1735 οὗτος
1111 1690 1234 1743 μόνος
1251 1691 1336 1745 ἔχει
1352 1692 1613 1743 κουφίσματα.

149 1759 314 1809 Quibus
332 1759 527 1800 omnibus
557 1759 659 1800 nihil
689 1759 803 1800 aliud
832 1758 1008 1800 efficitur
1028 1774 1154 1815 quam
1187 1759 1324 1813 ψυχὴν
1346 1762 1548 1799 νοσοῦσαν
1567 1757 1616 1798 iis

149 1827 276 1868 tribui
293 1828 368 1884 qui
387 1828 526 1869 animo
546 1838 644 1870 sunt
662 1829 725 1868 vel
746 1837 917 1884 propter
936 1827 1119 1868 dolorem
1141 1837 1182 1868 et
1204 1841 1419 1867 moerorem
1440 1825 1618 1867 demisso

149 1895 212 1936 vel
245 1895 384 1951 pravis
412 1896 712 1952 cupiditatibus
742 1906 952 1952 corrupto.
1014 1896 1202 1945 Quorum
1235 1894 1352 1950 prius
1382 1904 1429 1935 ut
1453 1894 1507 1935 ab
1527 1894 1617 1934 loco

152 1963 344 2019 AEschyli
373 1963 494 2019 plane
513 1963 692 2004 alienum
715 1975 791 2013 est,
811 1964 870 2005 ita
890 1978 941 2004 ne
970 1962 1147 2004 alterum
1168 1962 1337 2019 quidem
1361 1962 1559 2019 applicari
1581 1962 1618 2003 ei

152 2041 302 2088 potest,
334 2031 410 2072 nisi
438 2032 533 2087 quis
562 2031 921 2088 philosophemate
950 2030 1132 2087 quodam
1166 2046 1267 2071 usus
1297 2030 1507 2072 irascentis
1534 2030 1619 2071 ani-

151 2115 266 2141 mum
306 2109 508 2156 aegrotare
547 2099 628 2141 dici
665 2099 763 2140 velit
802 2115 1015 2155 pravaque
1054 2098 1285 2155 cupiditate
1320 2098 1432 2140 duci.
1493 2098 1618 2148 Quod

151 2183 282 2225 quum
305 2183 452 2224 parum
474 2178 620 2224 aptum
653 2168 751 2209 huic
779 2169 872 2210 loco
901 2178 1181 2209 commentum
1209 2167 1413 2218 videatur,
1437 2166 1507 2207 ubi
1536 2166 1618 2207 du-

154 2252 244 2278 rum
269 2236 406 2292 potius
426 2246 466 2276 et
487 2236 781 2277 inexorabilem
804 2251 930 2292 quam
953 2246 1222 2292 aegrotantem
1248 2235 1432 2276 animum
1455 2234 1536 2276 dici
1558 2250 1621 2276 res

152 2315 194 2346 et
234 2305 339 2346 ratio
372 2304 570 2361 postulat,
610 2303 860 2361 AEschylum
898 2319 1032 2359 neque
1065 2307 1198 2358 ψυχῆς
1237 2303 1443 2359 scripsisse
1483 2318 1619 2359 neque

153 2375 272 2426 ὀργῆς
301 2389 351 2414 eo
371 2388 456 2428 quo
485 2372 759 2414 Blomfieldus
788 2372 941 2428 aliique
971 2371 1192 2412 voluerunt
1223 2386 1343 2412 sensu
1375 2371 1526 2414 dixisse
1557 2387 1616 2412 se-

153 2441 312 2498 quitur,
335 2440 388 2482 de
406 2456 493 2496 quo
511 2456 561 2481 eo
583 2442 718 2481 minus
736 2439 908 2496 cogitari
928 2439 1122 2489 debebat,
1144 2455 1275 2495 quum
1297 2439 1551 2495 praecesserit
1582 2440 1622 2482 ἔς

155 2507 187 2550 τ’
219 2508 269 2550 ἂν
298 2507 394 2552 Διὸς
432 2507 616 2561 φρόνημα
649 2507 820 2563 λωφήσῃ
859 2505 1000 2561 χόλου,
1037 2517 1130 2563 post
1163 2522 1260 2562 quae
1296 2507 1422 2548 verba
1453 2507 1621 2564 ineptus

154 2576 301 2618 fuisset
330 2585 454 2632 poeta
483 2575 516 2616 si
546 2575 746 2631 ambiguo
778 2574 839 2616 uti
867 2576 987 2628 ὀργῆς
1019 2574 1222 2616 vocabulo
1246 2575 1473 2624 maluisset,
1502 2575 1618 2631 quod

156 2659 279 2686 nemo
313 2659 394 2684 non
428 2643 481 2685 de
508 2643 568 2684 ira
599 2651 706 2685 esset
737 2643 1036 2693 intellecturus,
1071 2658 1199 2699 quam
1230 2659 1280 2684 eo
1313 2643 1427 2699 quod
1460 2642 1618 2688 nullam

156 2712 393 2753 admitteret
414 2711 726 2767 ambiguitatem
750 2714 895 2765 ψυχῆς.
941 2712 971 2752 J
975 2726 1039 2752 am
1063 2711 1095 2751 si
1116 2726 1252 2767 neque
1272 2714 1405 2765 ψυχῆς
1425 2712 1620 2764 νοσούσης

158 2779 358 2836 scriptum
374 2795 461 2820 esse
480 2779 534 2820 ab
556 2779 759 2834 ffEschylo
779 2794 914 2834 neque
934 2780 1052 2832 ὀργῆς
1080 2778 1161 2819 alia
1180 2793 1306 2834 quam
1327 2778 1398 2820 irae
1419 2779 1621 2836 significa-

159 2847 270 2889 tione
291 2846 447 2888 dictum
470 2862 555 2887 esse
587 2855 734 2902 potest,
758 2845 902 2886 vitium
930 2845 972 2886 in
1005 2847 1200 2898 νοσούσης
1229 2847 1503 2903 quaerendum
1533 2863 1620 2890 esse

159 2925 289 2971 patet,
310 2930 442 2971 quum
472 2914 533 2955 ira
553 2915 641 2970 ipsa
669 2926 871 2970 aegrotare
892 2913 972 2955 dici
1004 2925 1192 2971 nequeat.
1255 2915 1337 2957 His
1365 2918 1621 2973 argumentis

160 2983 202 3026 in
236 2998 326 3024 eam
361 2982 567 3025 deductus
598 2997 687 3023 sum
722 2982 963 3023 sententiam
996 2993 1042 3025 ut
1077 2984 1272 3036 νοσούσης
1302 2984 1450 3027 veteris
1484 3001 1622 3029 errore

856 3065 886 3093 11
912 3063 933 3093 2
