1898 3256
307 209 392 252 266
783 211 914 252 ΑΝΝ
918 211 1202 253 ΟΤΑΤΙΟΝ
1206 211 1277 251 Es

308 321 433 362 refert
466 320 717 377 AEschylus3
753 335 838 377 quo
868 322 1123 377 potissimum
1157 329 1270 370 teste,
1307 328 1353 361 ut
1385 317 1607 375 exploratae
1635 314 1746 365 fidei,

308 387 441 429 utitur
472 387 721 428 Plutarchus
749 387 791 428 in
821 387 905 428 vita
930 385 1584 441 Themistoclis.--Adstipulatur
1612 384 1748 424 Hero-

308 454 446 504 dotus,
476 463 570 510 post
597 453 845 509 AEschylum
876 454 987 495 testis
1017 454 1209 510 optimuS,
1232 465 1272 506 7,
1295 465 1362 507 79.
1394 456 1471 493 τῶν
1497 452 1539 492 δὲ
1564 448 1748 503 τριηρέων

311 521 470 573 ἀριθμὸς
487 522 561 572 μὲν
582 520 739 573 ἐγένετο
769 522 866 562 ἑπτὰ
889 522 952 562 καὶ
972 522 1161 572 διηκόσιαι
1191 521 1253 561 καὶ
1278 517 1667 574 >Oskana—Eundem
1693 516 1747 557 ad

309 601 527 628 numerum
558 586 770 628 collineare
799 587 963 629 videtur
993 587 1118 629 Diod.
1147 587 1272 628 Sicul.
1302 600 1365 637 11,
1385 600 1424 641 3.
1444 584 1632 640 inquiens
1661 586 1749 634 νῆες

312 656 355 696 δὲ
381 655 584 707 σύμπασαι
611 656 753 706 μακραὶ
781 656 940 698 πλείους
965 659 1042 696 τῶν
1067 654 1208 708 χιλίων
1235 654 1297 694 καὶ
1324 653 1541 704 διηκοσίων.
1602 650 1749 691 Minus

310 718 467 759 curiose
485 727 615 773 agunt
634 719 707 774 qui
729 733 807 760 non
829 719 903 759 nisi
925 719 1033 760 mille
1053 729 1093 760 et
1108 719 1304 760 ducentas
1323 725 1550 758 numerant.
1583 717 1748 757 Horum

310 793 372 825 est
403 785 602 825 Isocrates
631 784 672 824 in
704 785 1006 826 Panathenaico
1026 801 1065 841 p.
1088 797 1182 841 355.
1211 794 1251 826 et
1273 783 1527 840 Panegyrico
1555 797 1598 838 p.
1621 782 1688 823 80.
1708 791 1749 823 et

315 851 510 892 AEmilius
550 852 712 892 Probus
753 853 991 906 (Cornelius
1030 852 1191 908 Nepos)
1231 853 1272 892 in
1313 849 1592 892 Themistocle
1634 863 1670 890 c.
1710 860 1749 890 α.

315 919 467 960 Verum
508 919 585 959 hoc
622 918 932 974 intelligendum
974 927 1134 960 tantum
1177 920 1274 960 κατὰ
1313 918 1357 958 τὸ
1396 915 1747 970 ὁλοσχερέστερον.

314 986 526 1035 Quantum
547 985 676 1041 magis
704 985 851 1041 platice
871 985 1027 1027 dictum
1052 986 1105 1027 ab
1124 985 1173 1026 iis
1192 985 1264 1041 qui
1293 983 1403 1025 mille
1430 982 1596 1024 navium
1626 981 1752 1022 fuisse

312 1055 529 1094 asserunt?
559 1061 606 1094 ut
628 1052 785 1094 Ctesias
805 1061 846 1094 et
867 1052 1010 1094 Cicero
1023 1052 1065 1093 in
1079 1053 1247 1093 Verrem
1274 1065 1310 1102 1,
1327 1051 1391 1092 18.
1423 1051 1617 1092 Ceterum
1637 1048 1751 1104 apud

313 1120 403 1171 hos,
424 1134 621 1161 numerus
643 1121 708 1174 (ut
727 1120 911 1176 loquitur
932 1121 1061 1161 Varro
1077 1119 1129 1160 de
1150 1120 1216 1160 Re
1236 1119 1360 1160 Rust.
1383 1130 1423 1169 2,
1447 1119 1503 1171 1.)
1523 1131 1606 1158 non
1626 1122 1685 1158 est
1704 1121 1752 1157 ut

312 1189 369 1229 sit
392 1188 449 1228 ad
467 1189 681 1237 amussim,
702 1193 750 1228 ut
776 1201 859 1227 non
878 1192 937 1228 est
959 1200 1050 1227 cum
1080 1186 1255 1227 dicimus
1283 1185 1392 1226 mille
1420 1197 1548 1225 naves
1570 1184 1670 1224 iisse
1696 1182 1753 1223 ad

319 1254 528 1310 Trojam.”
586 1255 693 1294 Haec
716 1252 933 1294 Stanleius.
953 1252 1026 1308 qui
1043 1251 1171 1293 falsus
1190 1261 1263 1293 est.
1312 1251 1539 1306 AEschylus
1558 1249 1664 1290 enim
1685 1248 1750 1290 di·

315 1331 419 1362 serte
434 1321 609 1362 affirmat
630 1319 786 1362 Xerxis
805 1319 968 1360 classem
990 1334 1040 1360 ex
1061 1319 1170 1360 mille
1199 1318 1372 1359 navibus
1391 1317 1626 1368 constitisse,
1647 1331 1750 1372 qua-

315 1403 408 1429 rum
443 1398 518 1441 207
552 1396 668 1428 erant
697 1387 857 1428 celeres.
918 1386 1078 1427 Eodem
1113 1386 1236 1427 modo
1269 1392 1481 1441 computat
1507 1384 1750 1425 Graecorum

315 1454 496 1504 classem,
529 1469 624 1510 quae
657 1469 709 1495 ex
747 1467 832 1509 300
865 1453 1038 1495 navibus
1075 1453 1249 1494 conflata
1286 1461 1360 1502 est,
1395 1465 1572 1507 quarum
1605 1449 1753 1491 celeres

316 1531 431 1563 erant
451 1522 604 1562 decem.
665 1521 731 1562 Sic
750 1521 857 1562 enim
878 1535 971 1562 cum
1002 1520 1215 1562 scholiasta
1234 1518 1557 1575 intelligendum.
1615 1516 1753 1558 Aliter

316 1589 452 1630 minus
480 1588 715 1630 conveniret
744 1587 970 1644 epithetum
999 1587 1179 1639 ἔκκριτος.
1232 1585 1298 1628 Cf.
1326 1584 1516 1627 Mitford.
1539 1583 1652 1625 Hist.
1674 1584 1751 1624 Gr.

317 1655 400 1697 vol.
421 1670 460 1698 2.
482 1670 523 1711 p.
545 1656 635 1710 185.
658 1662 742 1695 not.
780 1655 956 1695 Tzetzes
983 1653 1036 1695 ad
1058 1653 1267 1710 Lycophr.
1294 1664 1413 1706 1427.
1434 1649 1751 1693 Atheniensium

316 1732 357 1764 et
377 1722 576 1764 sociorum
599 1737 722 1763 naves
744 1734 819 1774 271
843 1721 968 1762 fuisse
988 1721 1124 1762 tradit.
1157 1721 1384 1762 BLOMF.

373 1803 469 1845 340.
492 1789 610 1844 ναῶν]
632 1793 730 1830 νεῶν
750 1787 997 1830 Brunckius.

374 1870 469 1913 342.
492 1858 546 1898 ὧν
564 1856 636 1910 ἥγε
655 1855 818 1911 πλῆθος]
840 1859 939 1896 νεῶν
958 1855 1002 1896 τὸ
1022 1857 1170 1907 πλῆθος
1191 1855 1302 1896 Plut.
1335 1855 1384 1896 V.
1408 1852 1610 1895 Themist.
1629 1867 1663 1894 c.
1683 1863 1749 1904 14.

317 1925 389 1981 qui
410 1939 550 1966 versus
569 1935 807 1978 341—343.
827 1921 979 1963 attulit.

374 1990 627 2045 ὑπέρκομποι]
659 1988 926 2030 Scribendum
956 1988 1167 2042 ὑπέρκοποι
1193 2003 1287 2030 cum
1318 1986 1574 2030 Blomfieldo.
1620 1987 1669 2027 V.
1698 1984 1752 2026 ad

321 2061 432 2115 Sept.
455 2074 491 2099 v.
512 2071 608 2112 391.

374 2139 470 2181 343.
494 2125 545 2179 θ’]
566 2124 597 2165 δ’
620 2125 674 2164 Ν.
697 2123 796 2164 Ald.

375 2193 437 2234 ὧδ’
460 2192 543 2246 ἔχει
563 2190 700 2244 λόγος]
721 2190 771 2230 V.
793 2188 845 2230 ad
868 2190 979 2244 Sept.
998 2200 1049 2230 22
1051 2198 1091 2243 5.

374 2271 471 2314 344.
493 2257 694 2312 δοκοῦμεν]
718 2255 989 2297 Scribendum
1011 2259 1182 2307 δοκῶμεν
1200 2270 1251 2296 ex
1273 2254 1414 2296 Guelf.

375 2324 599 2379 λειφθῆναι]
620 2326 818 2376 ληφθῆναι
838 2324 904 2363 Μ.
921 2323 1059 2377 Mosq.

375 2392 481 2448 μάχῃ
494 2391 522 2446 ;]
556 2390 728 2446 Signum
757 2388 1035 2444 interrogandi
1064 2388 1201 2445 posuit
1228 2390 1388 2430 Turn.:
1420 2396 1620 2444 punctum
1652 2386 1755 2428 Ald.

319 2460 429 2502 Rob.
450 2469 490 2500 et
509 2467 616 2499 recte
631 2457 813 2513 quidem,
833 2456 910 2497 nisi
930 2456 1040 2512 quod
1062 2458 1177 2497 colon
1198 2455 1335 2512 potius
1353 2469 1505 2511 ponere
1524 2453 1744 2496 debebant.

375 2528 472 2582 346.
495 2525 705 2580 ἰσορρόπῳ]
728 2525 898 2578 ἷσορόπῳ
920 2524 968 2564 C.
990 2522 1092 2564 Ald.

377 2595 476 2651 348.
507 2595 635 2634 Hunc
665 2607 827 2633 versum
862 2593 1026 2634 Atossae
1057 2590 1283 2641 continuat,
1311 2602 1407 2645 349.
1434 2588 1585 2630 nuncio
1613 2588 1757 2631 tribuit

322 2662 432 2705 Rob.

379 2728 475 2783 ἔστ’]
497 2726 548 2769 ἔτ’
570 2735 663 2767 octo
682 2725 841 2767 codices
859 2734 901 2766 et
921 2725 1030 2766 Rob.

379 2795 456 2850 ἆρ’]
477 2793 534 2847 ἄρ’
556 2792 653 2834 edd.
674 2802 774 2834 vett.
795 2802 835 2833 et
854 2792 1025 2843 codices,
1047 2802 1093 2833 ut
1113 2791 1287 2841 videtur,
1306 2791 1504 2847 plerique.

380 2860 610 2915 ἀπόρθητος]
632 2861 754 2900 Hanc
774 2859 935 2900 laudem
954 2860 1050 2915 jure
1069 2858 1247 2915 quodam
1270 2857 1435 2914 proprio
1454 2856 1547 2898 urbi
1567 2870 1652 2897 suae
1672 2854 1757 2895 vin-

323 2931 513 2974 dicabant
541 2926 824 2970 Athenienses.
875 2927 1099 2968 Oraculum
1129 2941 1195 2982 ap.
1217 2924 1419 2967 Herodot.
1441 2934 1481 2978 7,
1507 2935 1598 2975 141.
1616 2925 1758 2975 Τεῖχος
