1898 3256
327 230 410 273 178
797 230 1296 271 ANNOTATIONES

327 344 442 382 νικῶν
463 342 635 382 ἑδωλίων
657 342 719 382 καὶ
746 344 940 394 καθεδρῶν
962 342 1127 393 (πώλοις
1154 343 1230 394 γὰρ
1259 342 1300 381 αἱ
1324 339 1511 392 παρθένοι
1532 339 1762 391 εἰκάζονται)

326 410 564 461 ἐκπορθῆσ-αι
584 408 646 448 καὶ
667 407 882 460 ἐξαρπάσαι
903 408 982 459 ἐμέ.
1035 409 1100 448 De
1119 412 1249 450 πῶλος
1268 406 1349 447 vid.
1373 406 1520 447 Monk.
1541 405 1593 446 ad
1615 406 1763 461 Eurip.

328 473 504 530 Hippoi.
523 483 622 528 547.
653 474 883 515 BLOMF.

381 552 482 595 455.
502 541 705 595 ὑπερκόπῳ
725 540 814 581 cod.
838 541 937 582 Ven.
961 540 1074 595 apud
1096 541 1346 581 Burtonum.
1375 539 1604 593 ὑπερκόμπῳ
1626 538 1765 593 vulgo.

381 607 481 660 458.
520 606 735 660 Ἐτεόκλῳ]
770 607 901 662 Apud
933 606 1175 661 Euripidem
1209 606 1356 647 Phoen.
1392 614 1512 660 1115.
1542 605 1769 646 Partheno-

325 688 443 730 paeus
461 673 567 713 hanc
587 681 747 728 portam
767 680 996 729 oppugnat.
1029 674 1159 714 SCH.

380 749 477 794 459.
507 738 699 794 πήδησεν]
727 737 914 791 ’πήδησεν
933 739 1180 780 Brunckius.
1241 740 1526 794 Augmentum
1557 737 1598 778 in
1628 752 1766 778 narra-

326 806 506 847 tionibus
529 804 768 845 nuntiorum
794 805 1000 846 interdum
1028 806 1160 847 omitti
1189 806 1241 847 ab
1271 805 1433 861 tragicis
1462 804 1580 846 certis
1609 812 1767 845 constat

326 871 536 927 exemplis.
597 872 747 926 Itaque
768 886 848 912 non
872 872 1048 913 multum
1069 873 1193 914 refert
1214 882 1352 914 utrum
1373 872 1547 923 πήδησεν
1567 870 1767 912 scribatur

326 953 379 980 an
398 937 557 980 coronis
575 936 768 978 addatur.

385 1005 562 1059 κράνους]
586 1006 795 1046 Homerus
818 1004 938 1046 Iliad.
961 1009 1005 1055 Γ,
1026 1007 1125 1060 316.

501 1087 679 1140 Κλήρους
698 1089 741 1129 ἐν
762 1087 876 1139 κυνέῃ
895 1088 1085 1142 χαλκήρεϊ
1104 1088 1260 1130 πάλλον
1281 1088 1440 1131 ἑλόντες

500 1155 715 1208 ὁππότερος
735 1155 780 1206 δὴ
800 1156 974 1207 πρόσθεν
994 1156 1112 1207 ἀφείη
1132 1155 1306 1208 χάλκεον
1327 1155 1455 1208 ἔγχος.

329 1243 448 1300 cujus
466 1243 517 1285 ad
538 1244 772 1299 exemplum
793 1243 989 1299 Virgilius
1010 1244 1113 1283 AEn.
1136 1256 1176 1298 5,
1199 1256 1297 1297 490.

669 1326 900 1382 dejectaque
921 1339 1027 1366 aerea
1047 1331 1191 1366 sortem

501 1393 669 1449 Accepit
681 1393 822 1449 galea.

333 1475 400 1516 Sic
418 1483 460 1516 et
481 1476 636 1517 Statius
658 1475 796 1517 Theb.
817 1477 858 1526 6,
881 1475 978 1530 389.

500 1563 562 1604 Et
565 1565 664 1618 jam
684 1564 857 1605 sortitus
877 1563 1082 1604 Protheus
1102 1568 1290 1604 versarat
1310 1562 1442 1603 ahena

501 1630 685 1672 Casside.
706 1655 763 1662 —
784 1631 1005 1672 STANL.

386 1721 485 1772 460.
515 1721 699 1772 Νηίταισι
730 1720 953 1761 Heathius.
1013 1719 1131 1760 Libri
1161 1718 1328 1774 Νηΐτῃσι
1352 1717 1415 1759 vel
1436 1716 1603 1769 Νηΐτισι.
1665 1717 1770 1758 Scri-

331 1787 513 1829 bendum
544 1788 770 1838 Νηίσταισι.
830 1789 953 1828 Hanc
982 1786 1088 1827 enim
1117 1800 1252 1827 veram
1283 1784 1456 1826 nominis
1484 1784 1655 1825 formam
1685 1798 1771 1825 esse

331 1853 509 1895 ostendit
529 1854 726 1909 Ungerus
745 1853 786 1894 in
809 1852 1022 1894 Thebanis
1042 1851 1267 1894 Paradoxis
1287 1851 1365 1892 vol.
1387 1865 1424 1892 1.
1444 1865 1485 1907 p.
1507 1864 1591 1906 310
1611 1865 1700 1906 sqq.

388 1922 486 1972 461.
507 1920 555 1975 δ’]
579 1920 611 1973 γ’
635 1919 745 1961 Rob.

389 1989 486 2040 462.
507 1988 630 2042 δυνεῖ]
652 1986 775 2038 Quod
797 1986 972 2027 Ovidius
991 1987 1043 2027 de
1061 1996 1148 2028 arte
1167 1986 1330 2027 amandi
1349 1999 1391 2041 3,
1412 1987 1508 2041 384.

747 2083 788 2115 et
807 2073 847 2114 in
868 2089 993 2130 gyros
1011 2074 1070 2115 ire
1089 2084 1253 2116 coactus
1273 2089 1417 2129 equus.

336 2163 495 2205 Tibull.
515 2177 558 2215 4,
580 2178 618 2214 1,
640 2177 708 2219 94.

506 2253 643 2307 Inque
663 2252 792 2293 vicem
810 2252 934 2293 modo
950 2252 1106 2293 directo
1124 2251 1368 2293 contendere
1387 2266 1522 2301 cursu,

507 2321 589 2361 Seu
609 2319 730 2361 libeat
751 2335 878 2361 curvo
897 2319 1061 2360 brevius
1079 2318 1319 2375 compellere
1336 2333 1454 2375 gyro.

337 2408 486 2449 Latine
506 2407 671 2464 proprie
673 2408 844 2463 flectere
863 2420 1023 2463 equum.
1083 2407 1191 2447 Hor.
1213 2405 1294 2447 Od.
1314 2419 1356 2462 3,
1379 2414 1418 2459 7,
1439 2417 1507 2458 29.

506 2483 703 2534 Quamvis
724 2497 805 2524 non
826 2482 929 2524 alius
949 2482 1110 2524 flectere
1129 2496 1282 2538 equum
1304 2481 1441 2522 sciens.

338 2571 461 2613 Ovid.
485 2571 620 2627 Epist.
643 2570 816 2612 Heroid.
837 2583 881 2622 4,
904 2579 971 2623 79.

509 2658 603 2699 Sive
622 2657 766 2699 ferocis
786 2657 882 2713 equi
902 2657 1098 2699 luctantia
1117 2657 1220 2699 colla
1240 2671 1442 2706 recurvaS,

565 2724 735 2780 Exiguo
755 2724 882 2765 flexos
902 2724 1027 2765 miror
1046 2724 1087 2765 in
1108 2724 1206 2766 orbe
1225 2723 1364 2780 pedes.

340 2813 490 2856 Pollux
511 2827 547 2862 1,
570 2826 635 2853 11.
655 2812 707 2853 de
731 2812 794 2853 his
820 2827 914 2867 quae
943 2813 1085 2868 equiso
1113 2812 1245 2854 facere
1273 2812 1418 2853 debet:
1452 2813 1601 2863 καμπὰς
1629 2813 1671 2852 δὲ
1699 2811 1775 2865 χρὴ

339 2884 536 2922 ποιεῖσθαι
557 2881 618 2921 καὶ
638 2880 813 2931 στροφὰς
833 2880 895 2920 καὶ
914 2879 1178 2931 ὖποστροφάς.
1215 2879 1435 2920 STANL.

395 2947 556 3002 πύλαις]
578 2948 704 2989 πύλας
723 2945 825 2987 Ald.
847 2945 958 2987 Rob.
