1898 3256
595 210 686 250 AD
716 208 1177 250 PROMETHEUM
1185 240 1194 248 .
1569 208 1627 251 87

159 320 309 363 oblatae
341 321 551 372 tribuitur,
575 320 753 363 Ovidius
782 320 860 377 ipsi
887 319 987 361 Jovi
1018 318 1241 375 assignavit
1265 318 1441 359 Metam.
1468 331 1504 367 1,
1525 318 1623 373 589.

162 405 202 430 se
234 406 245 430 ‹
266 422 274 430 .

204 405 259 445 q]
339 447 520 496 Viderat,
540 460 568 486 a
580 447 727 502 patrio
747 445 986 487 redeuntem
1004 445 1180 501 Jupiter
1200 443 1251 483 Io

331 515 542 562 Fulmina
564 520 619 564 et,
644 514 681 555 Ο
701 515 828 570 virgo
848 514 955 555 Jove
974 513 1112 570 digna
1132 517 1281 567 tuoque
1300 511 1464 552 beatum

330 582 483 623 Nescio
501 595 620 638 quem
622 582 811 636 factura
833 586 936 632 toro,
950 587 1062 637 pete,
1083 580 1267 628 dixerat,
1288 578 1460 619 umbras

329 650 523 691 Alterum
538 664 768 698 nemorum,
785 649 844 702 (et
864 662 1080 690 nemorum
1101 652 1411 688 monstraverat
1428 648 1620 700 mnbras)

332 719 449 759 Dum
468 718 587 768 calet,
608 724 648 759 et
667 717 800 759 medio
819 718 882 758 sol
898 721 959 758 est
980 716 1214 757 altissimus
1233 714 1341 755 orbe.

331 785 450 833 Quod
468 786 507 827 ςὶ
527 785 615 827 sola
635 786 755 826 times
774 785 956 826 latebras
975 785 1142 826 intrare
1142 783 1352 838 ferarum

327 853 518 894 Praes-ide
538 859 630 894 tuta
649 853 724 894 deo
744 867 960 894 nemorum
979 858 1137 894 secreta
1156 851 1330 901 subibis,

327 920 418 961 Nec
437 920 486 961 de
498 920 617 977 plebe
637 921 723 970 deo,
745 920 817 961 sed
835 921 908 976 qui
929 919 1109 960 caelestia
1132 933 1290 974 magna

325 989 501 1045 Sceptra
521 1003 649 1030 manu
671 994 799 1038 teneo,
820 988 893 1028 sed
911 988 984 1044 qui
1005 1001 1120 1044 vaga
1121 987 1326 1041 fidmz‘na
1346 987 1475 1028 mitto.

327 1056 521 1113 Neficge
541 1070 615 1098 me.
677 1080 734 1086 —
795 1080 850 1086 —
907 1079 965 1086 —
1026 1056 1158 1096 SCH.

211 1131 308 1184 657.
340 1130 570 1185 νυκτίφοιτ’]
609 1128 880 1170 Scribendum
916 1126 1138 1182 νυκτίφαντ’
1171 1143 1222 1169 ex
1254 1128 1321 1169 M.
1346 1127 1458 1168 Rob.
1524 1128 1618 1169 Hoc

152 1196 358 1253 adjectivo
389 1199 522 1239 utitur
552 1196 781 1254 Euripides
813 1197 912 1238 Hel.
935 1205 1034 1250 570.
1058 1196 1103 1237 οὐ
1130 1197 1393 1249 νυκτίφαντον
1414 1197 1620 1249 πρόπολον

151 1263 332 1308 Ἐνοδίας
359 1265 396 1317 μ’
429 1266 535 1320 ὁρᾷς.
567 1266 814 1318 νυκτίφοιτος
846 1280 896 1305 ex
935 1263 1096 1321 Synesii
1130 1263 1289 1320 hymno
1319 1276 1358 1311 2,
1383 1277 1422 1318 3,
1456 1279 1494 1319 p.
1518 1264 1616 1318 316.

151 1331 346 1374 indicavit
368 1332 607 1374 Lobeckius
628 1332 681 1374 ad
705 1331 936 1389 Phrynich.
960 1346 1000 1388 p.
1026 1333 1121 1372 686.

210 1400 307 1455 658.
329 1401 543 1456 Δωδώνης]
569 1402 769 1453 Δωδώνην
790 1401 929 1441 Turn.
988 1399 1143 1441 Melior
1163 1408 1225 1440 est
1248 1399 1378 1440 altera
1398 1399 1615 1456 scriptura.

154 1468 222 1509 Ita
240 1468 391 1524 Eurip.
414 1468 569 1510 Electr.
590 1481 714 1524 1343.
736 1469 860 1522 στεῖχ’
884 1466 941 1509 ἐπ’
962 1466 1153 1519 Ἀθηνῶν.

206 1536 388 1591 πυκνοὺς]
410 1537 581 1590 συχνοὺς
600 1538 680 1578 Ar.
702 1548 744 1578 et
764 1537 896 1578 MSS.
918 1535 1099 1577 Thomae
1123 1536 1188 1576 M.
1212 1550 1242 1576 s.
1261 1551 1300 1576 V.
1323 1537 1577 1588 θεοπρόπους.

208 1605 304 1658 659.
325 1605 487 1659 ἴαλλεν]
511 1607 628 1647 ἴαλεν
649 1605 794 1647 Guelf.
816 1603 920 1646 Ald.
943 1603 1054 1645 Rob.
1076 1614 1116 1645 et
1139 1603 1295 1644 Thom.
1321 1604 1384 1644 M.

205 1672 324 1724 μάθοι
354 1674 491 1715 Turn.
524 1684 566 1716 et
597 1690 691 1731 pars
720 1674 922 1716 codicum.
954 1672 1059 1728 μάθῃ
1080 1672 1193 1713 Α.Β.
1216 1672 1370 1728 aliique
1394 1687 1489 1713 cum
1511 1672 1614 1715 Ald.

151 1740 260 1782 Rob.

208 1809 303 1849 660.
325 1809 523 1862 πράσσειν
543 1810 610 1851 Μ.
633 1822 673 1851 et
695 1809 1023 1866 superscriptum
1042 1808 1084 1848 in
1107 1809 1156 1849 B.
1220 1808 1359 1864 Vulgo
1381 1808 1578 1861 πράττειν.

206 1883 325 1938 φίλα]
351 1883 474 1936 φίλον
494 1883 653 1939 aliquot
674 1883 800 1924 codd.
822 1874 950 1936 φίλωας
970 1882 1036 1923 Μ.

206 1951 304 1992 662.
325 1950 499 2002 ἀσήμους
521 1952 587 1992 Μ.
608 1950 774 2008 aliique.
838 1950 973 2006 Vulgo
993 1950 1167 2001 ἀσήμως.

206 2018 302 2072 663.
323 2017 438 2069 βάξις
456 2018 598 2074 ἦλθεν]
625 2019 724 2071 ἦλθε
744 2018 858 2070 βάξις
878 2017 1036 2074 aliquot
1057 2016 1178 2058 codd.

205 2087 304 2127 666.
338 2086 555 2129 Heliodor.
580 2088 772 2144 AEthiop.
795 2088 833 2128 6.
857 2101 1000 2127 versus
1019 2085 1090 2126 fin.
1114 2085 1190 2126 Καὶ
1217 2088 1364 2133 πᾶσαν,
1394 2087 1445 2129 ὡς
1472 2088 1611 2138 εἰπεῖν,

149 2153 344 2206 ἐρωμένου
379 2155 485 2198 τινὸς
515 2157 579 2197 ἐπὶ
612 2159 688 2209 γῆν
723 2157 859 2197 ἕνεκεν
890 2152 1110 2205 ἀλωμένου.
1156 2151 1186 2209 ᾧ
1217 2155 1317 2205 μετὰ
1350 2156 1508 2207 μυρίους
1537 2156 1614 2207 μὲν

146 2222 329 2275 μόχθους,
345 2224 503 2275 μυρίους
523 2224 565 2264 δὲ
587 2224 800 2273 κινδύνους,
817 2225 888 2276 γῆς
908 2220 966 2263 ἐπ’
986 2220 1171 2275 ἐσχάτοις
1190 2222 1308 2274 ὅροις,
1331 2223 1430 2277 τύχᾳ
1448 2226 1612 2277 λαμπρᾷ

148 2288 211 2330 καὶ
249 2293 441 2347 βασιλικῇ
476 2291 758 2343 συμβιώσεται.
780 2279 785 2282 ’
806 2290 879 2331 ubi
918 2289 1040 2346 plane
1080 2288 1191 2330 hunc
1229 2305 1392 2331 versum
1430 2291 1610 2347 respicit.

147 2356 340 2413 Euripid.
364 2358 483 2400 Med.
504 2371 603 2413 540.
624 2361 697 2411 γῆς
718 2358 777 2400 ἐπ’
801 2359 985 2413 ἐσχάτοις
997 2356 1186 2410 ’Ὀροισιν
1206 2357 1329 2414 ᾤκεις.
1354 2359 1528 2400 BLOM
1536 2361 1572 2400 F
1580 2393 1586 2401 .

203 2425 300 2476 667.
322 2425 450 2481 θέλοι]
473 2425 592 2467 Libri
612 2425 771 2482 aliquot
793 2426 890 2481 θέλῃ
911 2426 975 2467 vel
997 2425 1119 2466 θέλει.

202 2494 402 2549 πυρωπὸν]
423 2494 603 2547 πυρωτὸν
624 2494 690 2535 Μ.

202 2561 300 2602 668.
322 2563 558 2612 ἐξαϊστώσοι
578 2561 865 2602 Blomfieldus.
928 2560 1170 2616 Legebatur
1191 2562 1438 2612 ἐξαϊστώσει.

201 2628 335 2684 γένος]
359 2629 478 2681 μένος
500 2630 565 2670 Μ.

202 2698 299 2749 670.
322 2696 575 2751 κᾶπέκλεισε]
597 2697 870 2738 Scribendum
895 2696 1135 2751 κάπέκλῃσε.

202 2766 298 2817 674.
335 2764 533 2821 κεράστις]
569 2764 841 2806 Scribendum
876 2763 1070 2816 κεραστὶς,
1101 2776 1224 2819 quem
1256 2771 1470 2804 accentum
1503 2779 1608 2820 prae-

143 2831 242 2887 cipit
262 2831 471 2873 Arcadius
491 2846 533 2887 p.
554 2845 625 2886 35,
649 2845 714 2886 19.

200 2902 298 2954 676.
323 2898 564 2953 Κερχνείας]
591 2900 809 2953 Κεγχρείας
830 2899 997 2940 Α.Β.Ε.
1022 2897 1198 2939 vindob.
1229 2905 1429 2953 quattuor
1454 2897 1607 2955 aliique

143 2967 332 3009 nonnulli
355 2976 395 3009 et
417 2966 520 3008 Ald.
544 2967 653 3008 Rob.
