1898 3256
351 223 407 264 90
818 217 1310 259 ANNOTATIONES

349 331 588 384 σαφέστατε.
611 330 711 371 ibid.
731 331 851 384 1643.
883 330 1034 369 Noster
1055 328 1192 369 Theb.
1213 338 1305 380 147.
1338 327 1394 367 Σύ
1422 325 1468 373 τ’,
1491 325 1521 366 ὦ
1541 325 1782 377 Λατογένεια

350 398 503 450 κούρα.”
524 397 753 437 BLOMF.

406 465 500 517 706.
532 462 709 504 Locutio
737 460 960 502 Homerica
985 469 1046 500 est
1074 459 1179 513 θυμῷ
1203 457 1312 509 βάλ’.
1344 456 1425 498 Od.
1451 460 1502 506 A,
1525 467 1617 499 201.
1649 458 1700 499 ὣς
1724 458 1782 497 ἑνὶ

349 532 452 584 θυμῷ
470 528 680 570 Ἀθάνατοι
698 527 908 579 βάλλουσι.
932 525 1133 566 Herodot.
1151 537 1191 578 7,
1206 536 1276 579 51.
1301 527 1341 568 ἐς
1361 524 1481 576 θυμὸν
1500 523 1554 565 ὧν
1573 527 1701 575 βαλεῦ
1721 525 1784 564 καὶ

349 595 393 636 τὸ
413 596 585 636 παλαιὸν
606 595 710 637 ἔπος.
733 594 961 634 BLOMF.

404 660 518 715 βάλ’]
541 660 628 712 μάθ’
652 661 715 700 M.
736 669 778 700 et
796 659 1000 714 adscripto
1019 658 1113 708 βάλ’
1136 658 1190 698 Ν.
1221 657 1343 708 βάλλ’
1362 666 1443 698 tres
1461 656 1528 697 alii
1548 656 1669 698 codd.

405 726 576 780 τέρματ’]
602 725 704 778 τέρμ’
727 725 811 766 duo
830 724 949 765 codd.

407 803 503 846 707.
527 791 691 844 ἐνθένδ’]
719 789 844 832 ἐνθάδ’
868 789 930 830 vel
954 789 1093 830 ἐνθάδε
1111 788 1267 844 aliquot
1287 788 1407 830 codd.

406 860 574 900 ἆντολῖις
604 857 746 911 steph.
776 866 816 896 et
845 871 940 911 pars
969 854 1166 895 codicum.
1227 855 1314 895 Alii
1344 856 1540 898 ἀνατολὰς
1568 869 1661 896 cum
1682 854 1783 895 Ald.

352 926 488 965 Turn.
502 925 672 966 ἀατολᾶς
692 923 802 963 Rob.
825 927 852 946 ‘⁴
868 923 933 962 De
950 922 1025 961 Ius
1044 921 1248 961 erroribus
1267 921 1396 962 multa
1416 921 1550 971 multi,
1573 931 1620 962 ut
1640 922 1783 971 solent,

350 990 612 1045 scripserunt,
633 1003 809 1044 quorum
829 1003 911 1028 non
936 998 1119 1028 nostrum
1148 997 1208 1027 est
1237 987 1327 1028 lites
1354 1002 1623 1043 componere3
1653 1003 1786 1042 neque

350 1057 393 1097 id
422 1056 562 1097 fecisse
590 1070 725 1111 operae
754 1053 931 1110 pretium
961 1054 1111 1095 fuerit:
1164 1054 1260 1094 satis
1292 1054 1397 1094 enim
1433 1054 1691 1095 manifestum
1726 1064 1786 1094 est

351 1122 594 1178 AEschylum
636 1136 748 1162 suam
788 1121 1094 1176 geographiam,
1133 1136 1247 1161 suam
1290 1120 1598 1176 mythologiam,
1637 1135 1788 1175 easque

351 1204 498 1245 parum
528 1196 750 1237 accuratas,
780 1187 994 1234 habuisse3
1029 1196 1136 1228 recte
1165 1196 1302 1228 autem
1332 1186 1482 1227 dixisse
1510 1186 1784 1242 Agatharchi-

352 1256 445 1296 dem
466 1255 518 1295 de
539 1256 650 1295 Mar.
672 1254 842 1309 Erythr.
858 1269 902 1308 p.
922 1267 984 1305 14.
1002 1254 1065 1295 ed.
1084 1255 1141 1294 H.
1161 1255 1221 1295 St.
1236 1253 1373 1294 Photii
1390 1253 1588 1294 Biblioth.
1607 1268 1648 1308 p.
1667 1265 1786 1307 1313.

353 1322 429 1363 οὐδ’
452 1322 654 1374 Αἰσχύλον
675 1320 908 1370 ἐπιπλήττω,
930 1325 1096 1363 πολλοῖς
1122 1319 1424 1373 διεψευσμένον,
1446 1321 1508 1361 καὶ
1528 1321 1662 1360 πολλὰ
1690 1336 1785 1372 συγ-

353 1387 558 1440 γράφοντα
576 1390 652 1426 τῶν
673 1385 1104 1438 ἇσυγχωρήτων--οὗδέ
1123 1387 1211 1428 τοὺς
1226 1386 1371 1428 ἄλλους
1388 1387 1442 1427 εἷς
1457 1386 1676 1436 ἐπιτίμησιν
1690 1385 1786 1437 ἄγω,

355 1457 575 1494 διασκευαῖς
596 1454 639 1492 ἐν
658 1456 738 1494 τοῖς
758 1452 924 1504 δράμασι
950 1452 1173 1505 χρωμένους
1199 1452 1411 1495 ἀδυνάτοις·
1443 1453 1500 1492 ὅτι
1528 1455 1604 1494 πᾶς
1632 1451 1789 1502 ποιητὴς

354 1520 613 1572 ψυχαγωγίας
641 1517 665 1568 ἢ
694 1518 876 1568 ἀληθείας
906 1519 990 1558 ἐστὶ
1020 1517 1252 1570 στοχαστής.
1312 1519 1444 1567 Quam
1475 1532 1621 1572 parum
1650 1527 1787 1557 autem

354 1586 397 1626 in
425 1584 676 1641 geographia
695 1585 760 1624 vel
782 1585 1003 1624 Hecataeus
1030 1583 1218 1624 Milesius
1247 1583 1493 1638 profecisset,
1521 1583 1639 1623 docet
1668 1583 1787 1623 scho-

353 1653 471 1694 liasta
490 1651 700 1707 Apollonii
732 1650 872 1691 Rhod.
895 1665 935 1702 4.
957 1665 1001 1705 p.
1026 1662 1120 1705 259.
1154 1650 1246 1691 Vid.
1276 1650 1469 1691 Larcher.
1501 1650 1553 1690 ad
1584 1650 1789 1690 Herodot.

355 1720 434 1761 vol.
454 1732 489 1761 2.
511 1735 552 1772 p.
577 1719 697 1760 208.”
717 1718 945 1758 BLOMF.

414 1788 467 1827 In
488 1785 739 1841 exponendis
756 1785 807 1824 ad
830 1782 1018 1839 AEschyli
1038 1782 1347 1837 descriptionem
1371 1782 1445 1822 Ius
1465 1782 1669 1823 erroribus
1687 1797 1791 1838 prae-

356 1854 475 1909 cipue
497 1853 754 1893 elaborarunt
778 1850 985 1898 Pauwius,
1008 1848 1228 1898 Heathius‚
1250 1858 1291 1888 et
1319 1862 1546 1903 anonymus
1576 1848 1792 1903 tragoedia-

356 1934 448 1960 rum
471 1917 660 1973 AEschyli
689 1917 887 1972 interpres
909 1915 1056 1957 Gallus
1078 1915 1330 1971 (Tragc‘dies
1354 1915 1595 1970 d'EschyZe,
1618 1918 1642 1956 a
1662 1914 1791 1955 Paris.

361 1997 481 2039 1770.
502 1986 572 2038 8.)‚
588 1985 630 2024 in
650 1983 874 2039 appendice
893 1983 945 2023 de
962 1984 1035 2022 Ius
1050 1982 1254 2022 erroribus
1269 1982 1440 2023 versioni
1455 1983 1638 2038 subjecta
1652 1998 1693 2038 p.
1707 1995 1791 2036 509

358 2068 470 2107 seqq.
507 2051 587 2092 Sed
603 2049 712 2090 nond
719 2065 787 2090 um
803 2050 939 2090 omnia
954 2058 1063 2089 recte
1078 2048 1388 2103 expediverunt‚
1403 2058 1451 2089 ut
1465 2064 1600 2104 operae
1614 2049 1717 2104 preti
1724 2063 1791 2088 um

357 2120 542 2160 facturus
562 2117 660 2158 mihi
681 2116 835 2166 videar,
857 2116 888 2156 si
907 2116 1028 2157 telam
1048 2115 1101 2155 ab
1120 2115 1208 2155 aliis
1228 2124 1380 2155 textam
1402 2115 1538 2155 denuo
1557 2125 1752 2156 retexam.

414 2187 481 2225 Ac
501 2184 678 2240 primum
698 2183 864 2238 quidem
888 2197 982 2223 cum
1002 2181 1192 2222 omnibus
1211 2181 1327 2222 nobis
1346 2181 1547 2231 convenit,
1567 2181 1791 2221 secundum

359 2250 548 2306 AEschyli
568 2250 797 2305 opinionem
821 2250 872 2288 Io
888 2247 1020 2303 patrIa
1041 2247 1143 2288 urbe
1162 2248 1359 2298 exsulem,
1380 2247 1559 2303 primum
1586 2247 1638 2287 ad
1658 2246 1793 2287 vicum

361 2318 581 2359 Cenchreae
611 2325 651 2356 et
680 2315 800 2356 colles
830 2315 978 2355 Lernae
1007 2314 1262 2354 imminentes
1293 2317 1351 2368 (v.
1379 2315 1473 2366 676.
1506 2315 1622 2367 677.)
1653 2329 1794 2368 perve-

359 2385 476 2433 nisse,
491 2382 638 2424 deinde
652 2397 725 2437 per
741 2381 1017 2422 Molossorum
1038 2380 1241 2435 regionem
1262 2380 1315 2421 ad
1331 2381 1549 2421 Dodonam
1570 2380 1793 2436 profectam

360 2466 444 2492 esse
467 2451 578 2503 (829.
600 2451 676 2503 sq.)
739 2449 844 2488 Haec
874 2447 980 2487 enim
1010 2447 1067 2488 ita
1095 2447 1213 2488 claris
1232 2447 1366 2488 verbis
1394 2455 1566 2488 testatur
1592 2455 1725 2502 poeta,
1748 2454 1794 2486 ut

359 2515 605 2570 ambiguitas
623 2515 751 2554 inesse
772 2528 852 2554 non
873 2513 1012 2568 possit.

418 2583 526 2622 Cum
550 2596 645 2621 vero
662 2580 726 2620 his
743 2579 876 2620 verbis
893 2595 902 2620 :

528 2677 736 2719 Ἐντεῦθεν
756 2676 999 2729 οἰστρήσασα
1018 2676 1088 2727 τὴν
1106 2678 1322 2728 παρακτίαν

531 2744 732 2784 Κέλευθον
749 2741 844 2798 ᾖξας
863 2743 960 2796 πρὸς
977 2743 1104 2795 μέγαν
1125 2744 1272 2784 κόλπον
1290 2742 1404 2786 Ῥέας

363 2843 414 2883 Io
435 2842 547 2883 littus
566 2841 710 2897 legisse
728 2850 768 2882 et
787 2841 840 2882 ad
862 2855 1056 2897 magnum
1078 2841 1209 2882 Rheae
1229 2841 1361 2882 sinum
1383 2842 1610 2897 pervenisse
1630 2841 1793 2890 dicitur,

361 2908 402 2948 in
423 2907 497 2948 hae
518 2918 632 2963 parte
651 2908 803 2949 itineris
818 2907 1047 2949 definienda
1062 2907 1304 2949 dissentiunt
1319 2907 1571 2963 interpretes.
1602 2907 1796 2948 Pauwius
