1898 3256
364 226 455 268 AD
487 226 741 269 SEPTEM
776 223 1107 267 ADVERSUS
1141 223 1413 264 THEBAS.
1545 223 1631 266 207

158 338 344 395 gendum
365 338 418 380 sit
439 338 710 392 ἑβδομαγένης
730 351 782 378 ex
806 333 1034 378 Plutarcho
1061 334 1255 390 Sympos.
1280 334 1323 384 8,
1345 347 1381 376 1.
1402 349 1444 391 p.
1467 344 1547 387 717
1571 334 1628 375 D.

158 421 184 447 a
204 405 395 447 Mem-sio
420 405 601 448 indicato
625 406 782 446 Denar.
806 403 990 461 Pythag.
1011 417 1052 458 p.
1079 402 1147 457 83.
1167 401 1220 442 de
1240 400 1456 458 Apolline,
1480 400 1630 458 ἑβδόμῃ

159 474 203 515 δὲ
223 472 449 526 ἀμφοτέρας
470 471 707 527 ἑορτάζουσι,
731 473 794 514 καὶ
820 473 891 513 τὸν
913 469 1018 518 θεὸν,
1042 470 1093 514 ὡς
1119 470 1239 521 ταύτῃ
1267 468 1499 522 γενόμενον,
1521 470 1631 522 ὑμεῖς

158 542 196 582 οἱ
214 544 414 594 προφῆται
435 543 498 583 καὶ
524 544 562 583 οἱ
589 543 705 595 ἱερεῖς
723 539 1028 593 Ἑβδομαγένην
1050 541 1222 580 καλεῖτε.
1246 537 1358 578 unde
1379 537 1517 579 Procli
1538 537 1630 579 loco

160 609 375 650 Meursius
394 609 575 651 restituit
597 608 886 662 ἑβδομαγένην.
942 608 1050 648 Vere
1069 605 1252 647 omnino.
1315 605 1557 657 Scholiasta,
1583 615 1630 647 ut

160 676 339 727 videtur,
361 676 516 733 legerat
538 675 821 730 ἑβδομαγένης.
854 675 1089 716 BLOMF.

219 756 314 811 803.
338 756 502 812 πρᾶγος]
523 760 684 810 πρᾶγμα
703 755 862 811 aliquot
883 754 1006 796 codd.
1027 764 1069 795 et
1089 753 1186 794 Ald.
1209 754 1347 794 Turn.

213 823 354 880 παρόν]
380 824 507 866 πλέον
529 825 596 865 Μ.
618 822 770 880 aliique
791 822 995 873 nonnulli,
1016 821 1132 879 quod
1158 837 1208 862 ex
1231 821 1359 863 πέλον
1379 832 1626 879 corruptum

160 892 289 934 videri
311 903 460 950 potest.
495 893 558 934 καὶ
579 891 706 933 πλέον
727 891 836 932 Rob.

217 973 311 1026 805.
343 972 498 1026 ἄνδρες]
532 969 806 1012 Scribendum
839 970 991 1022 ἄνδρες.
1053 968 1261 1010 Praecedit
1281 968 1324 1009 in
1347 967 1462 1010 libris
1481 983 1629 1009 versus

161 1056 184 1082 a
207 1041 393 1082 Porsono
411 1048 522 1080 recte
541 1040 712 1095 ejectus,
733 1035 848 1081 πόλις
868 1037 1084 1085 σέσωσται,
1107 1036 1302 1089 βασιλέες
1332 1036 1443 1088 (libri
1469 1036 1629 1092 aliquot

161 1125 366 1178 βασιλέως
386 1125 451 1166 vel
471 1128 669 1177 βασιλεῖς.
700 1113 905 1176 βασιλέεῗῖ*
925 1123 1007 1175 M.)
1033 1121 1063 1164 δ’
1087 1121 1319 1176 ὁμόσποροι.
1358 1121 1521 1164 Eadem
1544 1121 1630 1163 fere

161 1193 288 1235 verba
306 1193 348 1235 in
372 1209 491 1235 versu
512 1192 653 1250 spurio
675 1192 771 1234 820.

217 1274 361 1329 χερῶν]
385 1277 530 1328 χειρῶν
549 1271 708 1328 aliquot
727 1270 847 1312 codd.
869 1280 910 1311 et
931 1269 1034 1311 Ald.
1057 1269 1170 1310 Rob.

217 1344 477 1401 αὐτοκτόνων]
504 1342 744 1397 αὐτομάτων,
767 1343 1047 1400 superscripto
1068 1342 1230 1392 κτόνων,
1255 1344 1321 1384 Μ.

217 1417 313 1469 807.
334 1412 471 1470 γένος]
492 1411 617 1461 τόκος,
641 1411 920 1468 superscripto
942 1411 1072 1465 γένος,
1099 1413 1162 1453 Μ.

219 1483 314 1524 808.
337 1482 374 1523 οἲ
391 1481 481 1536 ’γὼ]
507 1480 544 1523 οἳ
564 1481 642 1534 ἐγὼ
665 1480 730 1521 Μ.
753 1479 855 1521 Ald.
877 1479 989 1521 Rob.
1012 1480 1150 1521 Turn.

219 1552 316 1605 809.
336 1548 414 1591 οὐδ’
435 1548 701 1603 ἀμφιλέκτως]
729 1548 796 1590 Sic
817 1548 887 1590 οὐκ
907 1547 1146 1602 ἀμφιβόλως
1166 1563 1204 1588 v.
1227 1547 1322 1603 863.
1357 1548 1588 1589 BLOMF.

216 1619 308 1674 μὴν]
330 1620 401 1660 νῦν
420 1616 530 1658 Rob.

218 1684 570 1739 κατεσποδημένοι]
614 1685 897 1726 Κατασποδέω.
956 1685 1012 1725 In
1044 1684 1264 1739 pulverem
1302 1683 1467 1739 dcgjz’cio,
1503 1694 1629 1727 meta-

160 1754 341 1811 phorice,
381 1753 532 1795 occido.
576 1752 760 1809 Hesych.
809 1751 1139 1803 Κατασπόδησον.
1192 1751 1430 1795 κατέλασον.
1495 1753 1628 1796 Recte

160 1821 286 1864 schol.
317 1822 363 1878 τῇ
394 1824 527 1877 σποδῷ
560 1820 1135 1877 κεκονιαμένοι-ἆνῃρημένοι.
1198 1821 1329 1862 Hunc
1360 1820 1496 1862 locum
1527 1821 1628 1864 citat

161 1889 357 1932 Valcken.
379 1889 432 1931 ad
454 1888 605 1945 Eurip.
625 1888 800 1945 Hippol.
818 1889 941 1943 1238.
965 1889 1241 1940 Σποδούμενος
1260 1890 1334 1941 μὲν
1353 1889 1452 1942 πρὸς
1467 1890 1628 1943 πέτραις

160 1960 283 2012 φίλον
315 1956 424 2011 κάρα.
486 1957 658 1998 Infinita
692 1966 790 1998 sunt
822 1967 1037 2013 poetarum
1075 1955 1176 2007 loca,
1216 1956 1288 1998 ubi
1329 1972 1473 2014 pugna
1507 1958 1627 2000 occisi

161 2037 381 2068 narrantur
412 2027 681 2078 κατακείμενοι
708 2027 753 2067 ἐν
781 2027 946 2082 κονίῃσι.
1011 2024 1078 2066 Sic
1100 2024 1320 2075 Horatius,
1346 2026 1499 2068 Crines
1522 2027 1625 2083 pul-

162 2109 258 2136 vere
285 2095 465 2142 collines,
495 2109 572 2150 pro
602 2094 809 2135 necabere.
846 2092 1194 2150 Mythographus
1222 2109 1291 2150 ap.
1324 2093 1443 2136 Suid.
1477 2110 1514 2136 ν.
1543 2099 1626 2137 *Pa-

163 2165 280 2216 φαρῇ.
305 2160 530 2210 Ἔστασαν,
553 2162 643 2203 οὐδὲ
666 2159 786 2214 κόμας
806 2163 978 2243 ψαφαρῇ
999 2162 1159 2214 ε’μίαντο
1181 2163 1303 2218 κονίῃ.
1337 2162 1573 2205 BLOMF.

885 2227 899 2246 η

221 2253 318 2294 810.
341 2251 506 2308 κῆλθον]
530 2252 689 2294 κεῖλθον
709 2252 820 2294 Rob.
852 2255 1013 2294 κεῖσθον
1034 2252 1100 2293 Μ.

221 2319 252 2361 δ’
274 2321 360 2375 οὖν]
384 2321 459 2372 μὲν
477 2319 634 2376 aliquot
656 2320 778 2362 codd.
801 2320 977 2362 et.Rob.
1008 2322 1097 2372 μὲν,
1119 2320 1210 2362 ἀλλ’
1233 2319 1299 2362 alii
1322 2321 1528 2363 nonnulli.

222 2388 317 2429 811.
338 2387 550 2442 ἠναίροντ’]
577 2388 797 2440 ἠνναίροντ’
821 2389 885 2429 Μ.

223 2456 319 2510 813.
340 2454 392 2512 δ’]
415 2454 451 2508 γ’
474 2455 799 2511 superscriptum
820 2455 862 2496 in
886 2457 950 2497 M.

223 2523 462 2576 814—819.
483 2522 608 2562 choro
629 2522 775 2564 tribuit
800 2523 934 2564 Viteb.

223 2590 319 2641 814.
350 2590 602 2644 δακρύεσθαι]
636 2606 665 2630 σ
693 2589 1018 2647 superscriptum
1051 2590 1090 2631 in
1122 2592 1188 2632 M.
1216 2607 1302 2647 quo
1325 2592 1531 2634 indicatur
1558 2598 1625 2636 δα-

165 2658 392 2710 κρύσεσθαι,
423 2656 536 2712 quod
566 2656 607 2698 in
638 2657 830 2714 pluribus
859 2657 1013 2713 legitur
1043 2658 1266 2701 codicibus.
1328 2660 1460 2702 Pauci
1492 2664 1628 2715 δακρύ-

164 2729 315 2766 σασθαι
334 2740 428 2766 cum
453 2725 591 2765 Turn.

221 2792 461 2833 818—821.
494 2792 625 2843 ἕξουσι
652 2791 683 2833 δ’
705 2792 754 2843 ἣν
774 2791 959 2844 λάβωσιν
981 2794 1024 2835 ἐν
1045 2796 1150 2846 ταφῇ
1171 2794 1318 2847 χθονὸς
1344 2793 1349 2850 Ι
1375 2797 1523 2849 πατρὸς
1545 2798 1625 2839 κατ’

161 2861 278 2914 εὐχᾶς
298 2859 543 2911 δυσπότμους
563 2862 814 2913 φορούμενοι.
841 2860 848 2917 Ι
874 2860 990 2904 πόλις
1008 2861 1223 2902 σέσωσται·
1246 2863 1462 2912 βασιλέοιν
1482 2865 1513 2906 δ’
1535 2869 1627 2919 ὁμο-

756 2927 913 2944 nnnnn

162 3011 249 3037 mos
273 2996 392 3046 duos,
415 3011 510 3052 quae
539 2996 721 3053 ineptam
753 2997 962 3037 continent
995 2997 1184 3053 superius
1214 2998 1419 3042 dictorum
1447 3004 1625 3045 tautolo-
