1898 3256
686 233 775 274 AD
807 232 1058 274 PERSAs.
1248 198 1255 203 ’
1523 227 1605 268 311.

141 359 243 395 esse,
265 343 335 385 sed
363 343 606 400 particulam
636 343 884 400 praecedenti
907 341 1177 394 Σουσισκάνης
1203 338 1514 397 adjungendam
1544 339 1607 379 in-

144 411 300 453 tellexit
322 410 574 453 Brunckius.

199 480 348 537 λιπών]
392 480 563 521 ἐκλιπών
594 479 705 521 Rob.
768 477 1041 520 scribendum
1079 478 1284 530 προλιπών
1323 491 1374 517 ex
1412 474 1611 517 Parisinis

143 547 321 588 duobus.
384 548 571 588 Metrum
594 556 654 588 est
676 546 979 588 dochmiacum.

202 617 300 670 962.
323 615 542 658 ἀπέλειπον
564 616 630 656 Μ.
693 615 934 671 Legebatur
953 613 1162 655 ἀπέλιπον.
1195 613 1335 654 ἔλιπον
1358 612 1469 654 Rob.

204 685 303 739 963.
326 685 368 725 ἐκ
388 698 469 725 om.
494 684 604 725 Rob.

203 753 300 806 964.
335 750 602 804 Σαλαμινιάσι
633 752 917 792 Hermannus.
957 753 1225 802 Σαλαμινῖσιν
1260 749 1325 789 Μ.
1370 752 1612 801 Σαλαμινῖσι

147 819 256 861 Rob.
290 821 542 872 Σαλαμινῇσι
562 819 664 860 Ald.
697 820 938 870 Σαλαμινίσι
960 819 1100 859 Turn.
1123 827 1163 858 et
1184 816 1344 858 codices
1363 816 1564 873 plerique.

204 888 422 943 στυφέλου]
458 888 680 941 στυφελούς
716 887 771 928 Ν.
833 887 928 937 Quo
964 894 1128 942 recepto
1160 884 1399 926 Brunckius
1432 884 1521 926 baec
1557 883 1613 925 sic

146 955 318 1012 intelligi
354 955 499 1006 voluit,
533 955 800 998 ἐπιθείνοντας
834 953 1059 1007 στυφελοὺς
1091 952 1224 1003 ἀκτάς,
1259 952 1409 995 collato
1441 968 1480 993 v.
1513 953 1613 1008 308.

148 1025 353 1076 νικώμενοι
374 1025 562 1077 κύρισσον
583 1024 753 1077 ἰσχυρὰν
773 1022 913 1076 χθόνα.

205 1093 301 1147 965.
324 1091 528 1135 θείνοντας
548 1091 729 1132 Α.Β.Μ.
753 1089 906 1146 aliique
926 1088 1113 1130 nonnulli
1134 1099 1174 1130 et
1198 1088 1306 1130 Rob.
1359 1088 1445 1129 Alii
1469 1088 1612 1130 θανόν·

151 1177 221 1204 τας
240 1174 335 1202 cum
357 1159 462 1201 Ald.
485 1160 623 1200 Turn.
656 1161 873 1201 θανοΰντας
894 1159 944 1199 C.

209 1226 268 1270 ἐπ’
299 1228 418 1271 ἀκτᾶς
446 1245 509 1281 γρ.
538 1228 588 1268 Β.
621 1225 680 1268 ἐπ’
709 1225 828 1269 ἀκτάς
853 1226 904 1268 Β.
937 1225 1049 1267 Rob.
1083 1224 1141 1267 ἐπ’
1175 1227 1309 1269 ἀκταῖς
1339 1224 1440 1266 Ald.
1475 1226 1615 1266 Turn.

153 1295 411 1353 Interpolata
427 1295 555 1352 hujus
575 1294 653 1336 loci
673 1293 792 1336 lectio
812 1303 887 1335 est.
949 1295 1059 1335 Nam
1087 1308 1223 1349 neque
1252 1292 1310 1335 ἐπ’
1332 1294 1450 1337 ἀκτᾶς
1468 1292 1532 1334 vel
1555 1292 1615 1334 ἐπ’

153 1365 288 1408 ἀκταῖς
306 1373 400 1421 post
420 1363 658 1421 praecedens
680 1361 738 1404 ἐπ’
755 1363 887 1406 ἀκταῖς
908 1360 1174 1414 Σαλαμινιάσι
1188 1361 1286 1402 ferri
1307 1370 1459 1417 potest,
1482 1376 1617 1417 neque

154 1434 357 1477 θείνοντας
389 1431 516 1474 habet
547 1445 727 1488 quocum
766 1439 1056 1472 construatur:
1105 1429 1220 1485 quod
1255 1444 1332 1485 pro
1369 1428 1619 1481 θεινομένους

154 1500 311 1542 dictum
343 1499 544 1556 accepisse
564 1499 730 1540 videtur
748 1499 954 1556 glossator
980 1497 1132 1540 codicis
1153 1499 1225 1548 A„
1253 1497 1326 1554 qui
1357 1497 1620 1549 τυπτομένους

156 1567 433 1624 adscripserit.
456 1567 513 1609 ἐπ’
536 1568 656 1621 ἄκρας
676 1567 834 1623 scripsit
857 1565 1140 1608 Blomfieldus.

425 1635 702 1653 -----

159 1706 277 1746 οἰοιοῖ
294 1703 556 1745 scribendum
578 1719 664 1744 esse
684 1703 866 1744 diximus
886 1702 938 1744 ad
962 1717 999 1743 v.
1023 1715 1047 1757 9
1050 1711 1120 1757 54.

215 1775 290 1814 ποῦ
319 1771 363 1813 δέ
391 1773 474 1827 σοι]
498 1775 574 1813 ποῦ
601 1771 651 1812 σέ
679 1789 743 1813 σοι
765 1771 867 1812 Ald.
891 1770 1001 1812 Rob.
1065 1769 1338 1811 Scribendum
1360 1769 1526 1811 videtur
1545 1773 1622 1811 ποῦ

159 1858 238 1892 σοι,
259 1839 334 1880 nisi
365 1839 459 1896 quis
489 1841 576 1887 οἰοῖ,
599 1843 674 1881 ποῦ
705 1839 748 1880 δέ
779 1856 844 1881 σοι
873 1838 1082 1895 praeferat,
1103 1838 1218 1894 quod
1245 1847 1417 1895 propter
1437 1840 1555 1880 οἰοιοῖ
1577 1838 1620 1879 in

160 1909 330 1964 stropha
350 1908 532 1965 positum
554 1908 690 1949 minus
712 1907 928 1949 verisimile
948 1916 1020 1948 est.

219 1978 322 2018 Post
341 1980 574 2031 Φαρνοῦχος
603 1976 709 2017 duas
738 1975 935 2017 excidisse
962 1974 1140 2032 syllabas
1167 1973 1457 2015 animadvertit
1478 1975 1621 2015 Blom-

162 2044 321 2085 fieldus.
382 2045 460 2085 Eae
496 2044 527 2084 si
561 2043 707 2096 βέβηκ’
739 2044 926 2094 fuerunt,
958 2042 1077 2084 facile
1110 2042 1206 2084 hinc
1241 2042 1436 2099 explicari
1471 2042 1624 2099 poterit

163 2111 340 2169 proximi
362 2111 538 2153 nominis
559 2113 815 2165 καριόμαρὸος
835 2111 1052 2168 scriptura.

221 2181 319 2234 967.
341 2179 898 2234 κάριόμαρδος]Καριόμαρδος
918 2178 1003 2219 sine
1023 2178 1218 2220 coronide
1238 2196 1299 2232 γρ.
1319 2179 1368 2219 Β.
1387 2177 1487 2219 Ald.
1512 2178 1622 2219 Rob.

164 2249 301 2289 Turn.
329 2257 370 2289 et
399 2246 573 2296 codices,
603 2254 652 2288 ut
676 2246 857 2297 videtur,
887 2245 1098 2302 plerique:
1133 2245 1165 2288 κ’
1192 2245 1448 2300 Ἀριόμαρδος
1479 2245 1625 2302 Steph.

166 2317 439 2368 Καρίσμαρδος
459 2316 574 2357 Α.Β.
635 2315 761 2355 Unus
790 2313 944 2356 alterve
973 2313 1105 2355 codex
1135 2315 1414 2367 Καριόδαρμος,
1437 2313 1468 2356 κ’
1492 2314 1626 2367 Ἀριό-

164 2386 312 2436 μαρὸις,
341 2385 628 2436 Χαρίσμαρδος.
692 2383 745 2422 In
773 2382 840 2422 M.
870 2380 894 2433 ἢ
923 2380 1194 2434 Ἀριόμαρδος.
1257 2381 1530 2422 Scribendum
1564 2382 1626 2422 vel

163 2449 420 2503 Ἀριόμαρδος
438 2464 533 2490 cum
555 2448 782 2498 Brunckio‚
806 2447 1009 2503 producta
1029 2446 1187 2503 syllaba
1212 2448 1359 2503 prima,
1381 2449 1497 2504 quod
1525 2449 1628 2490 nihil

165 2517 399 2560 offensionis
420 2517 545 2559 habet
563 2516 604 2557 in
628 2515 792 2557 nomine
807 2516 997 2566 barbaro,
1014 2515 1076 2557 vel
1094 2515 1384 2569 Ἀρειόμαρδος,
1400 2516 1432 2557 si
1447 2516 1488 2558 in
1506 2532 1628 2559 versu

165 2585 375 2642 strophico
394 2599 419 2640 9
421 2596 447 2641 5
450 2596 491 2640 5.
511 2588 587 2626 ποῦ
607 2584 653 2636 δὴ
673 2585 804 2638 φίλων
824 2582 999 2639 legatur.

226 2654 324 2709 968.
360 2656 436 2695 ποῦ
465 2652 509 2695 δέ
538 2670 587 2694 σε
613 2651 759 2705 βάλκις
788 2650 811 2704 ἢ
841 2652 1045 2692 λιλαίαται
1070 2649 1077 2707 Ι
1104 2653 1179 2692 ποῦ
1209 2651 1252 2692 δὲ
1283 2649 1449 2703 σευάκης
1478 2652 1577 2703 ἄναξ
1606 2650 1630 2703 ἢ

167 2723 326 2766 λίλαιος
346 2720 523 2774 εὐπάτωρ
544 2719 648 2762 Ald.

226 2787 448 2842 Σευάλκης]
484 2787 553 2828 Sic
585 2788 633 2828 B.
666 2795 788 2827 recte.
850 2785 986 2826 Variae
1020 2784 1212 2826 lectiones
1248 2784 1450 2837 Σευάλκης
1473 2785 1630 2840 Ἀραψ.

171 2854 378 2907 Σευάλλης
397 2856 509 2906 ἅναξ.
542 2854 658 2896 Male
679 2853 805 2910 vulgo
826 2851 1034 2905 Σεβάλκης
1055 2853 1164 2908 [cum
1189 2853 1355 2908 Turn.].
1391 2853 1458 2896 Sic
1478 2870 1515 2895 v.
1533 2868 1631 2910 310.

171 2924 422 2976 Φερεσσεύης
452 2922 667 2979 legebatur
697 2920 969 2975 Φερεσσέβης.
1004 2921 1279 2962 BRUNCK.
1315 2920 1493 2973 Σευάλης
1522 2924 1630 2965 Rob.
1707 2974 1711 2978 ff

175 2991 326 3034 Trium
341 2990 530 3034 codicum
543 2988 790 3046 corruptelae
806 2998 901 3031 sunt
918 2987 1142 3041 Σεβάλλης,
1157 2987 1407 3041 Σεβάγκλης,
1420 2988 1632 3044 Σευάγκης.
