1898 3256
699 215 788 256 AD
822 215 1070 258 PERSAS.
1534 219 1623 262 307

148 324 214 366 ἐπὶ
231 327 304 378 γῆς
322 329 518 368 πεσοῦσα.
542 335 590 368 ut
610 326 755 383 legisse
774 327 965 370 videatur
986 329 1142 381 φύρσις.
1205 328 1328 370 Alter
1349 344 1371 369 e
1393 329 1620 371 scholiastis

146 390 313 448 subjicit
346 394 371 445 ἡ
407 394 585 447 ἔκφυσις,
620 394 734 447 γονή.
797 394 1047 451 Requiritur
1085 394 1353 452 adjectivum.
1415 397 1483 438 De
1518 412 1618 440 voce

144 457 249 501 πάνυ
277 460 392 516 apud
427 461 606 518 tragicos
632 477 725 503 rara
751 461 834 503 vid.
858 463 1032 504 Porson.
1063 462 1116 503 ad
1145 463 1296 520 Eurip.
1324 464 1490 506 Hecub.
1516 464 1614 519 819.

146 526 381 569 BLOMF.
444 529 598 570 Versus
618 538 857 587 corruptus.

202 594 302 648 928.
342 597 429 637 αἰαῖ
460 597 567 652 αἰαῖ]
611 596 651 638 αἲ
687 597 727 638 αἲ
760 597 900 654 vulgo.
945 598 989 639 αἶ
1021 606 1169 654 quater
1203 598 1401 639 Cantabr.
1444 600 1618 655 primus.

147 661 308 703 Xerxis
338 678 526 720 personae
556 674 711 716 notam,
743 681 839 721 quae
866 666 966 708 huic
986 666 1122 707 versui
1151 665 1394 722 praescripta
1414 678 1490 719 est,
1510 678 1620 709 recte

151 728 263 771 delet
285 731 568 773 Hermannus.

203 810 302 854 929.
339 799 452 842 Edd.
491 810 648 842 veteres
682 801 1016 858 interpunctione
1052 812 1208 843 carent.
1271 803 1491 844 commata
1527 811 1621 859 post

145 866 256 919 χθὼν
284 875 326 908 et
354 871 530 919 βασιλεῦ
560 868 700 925 posuit
727 868 982 920 Brunckius,
1011 879 1103 926 post
1134 871 1243 925 χθὼν
1264 879 1305 911 et
1326 870 1444 923 γαίας
1465 870 1620 911 Schue—

146 942 270 975 tzius.

202 1002 338 1059 γαίας]
360 1007 481 1056 γαῖαν
501 1004 662 1060 aliquot
682 1004 804 1046 codd.

201 1085 301 1127 930.
323 1073 448 1114 Prius
468 1075 587 1116 αἰνῶς
609 1074 743 1115 versui
766 1072 1018 1130 praecedenti
1040 1074 1234 1129 adjunxit
1255 1074 1358 1116 Ald.

201 1139 319 1195 γόνυ]
348 1143 471 1194 γοῦνυ
503 1142 640 1182 Turn.
671 1141 745 1197 qui
779 1141 904 1182 verba
934 1142 1052 1184 αἰνῶς
1083 1142 1146 1183 ἐπὶ
1180 1146 1302 1195 γοῧνυ
1339 1142 1513 1185 κέκλιται
1542 1158 1621 1199 pro

144 1208 396 1263 paroemiaco
417 1224 537 1250 versu
559 1209 752 1251 habuisse
775 1208 952 1250 videtur.

203 1275 268 1316 ἐπὶ
287 1276 385 1328 γόνυ
407 1275 599 1328 κέκλιμαι,
622 1277 678 1317 In
693 1290 842 1333 genua
862 1275 976 1317 cado.
1000 1276 1231 1332 Phrynich.
1255 1279 1412 1333 Appar.
1437 1276 1617 1332 Sophist.

143 1358 185 1399 p.
206 1356 277 1395 40.
300 1346 355 1387 εἷς
374 1345 472 1398 γόνυ
491 1349 648 1387 πεσεῖν.
681 1346 745 1387 ἐπὶ
765 1349 843 1386 τῶν
863 1344 938 1386 ὑπὸ
964 1345 1059 1396 βίας
1086 1345 1330 1397 κλινομένων
1350 1348 1405 1390 εἷς
1434 1346 1506 1397 τὴν
1526 1347 1615 1399 γῆν.

142 1412 181 1452 οἱ
206 1413 283 1464 γὰρ
312 1415 482 1453 τοιοῦτοι
510 1413 626 1463 μόλις
657 1413 872 1460 κλίνονται,
906 1412 969 1453 καὶ
1000 1412 1068 1453 οὐκ
1100 1413 1298 1466 ἐξαίφνης.
1334 1413 1522 1471 Etymol.
1546 1415 1614 1457 ῙΜ.

141 1492 186 1534 p.
207 1479 306 1532 687,
331 1478 396 1521 26.
429 1480 525 1532 γνὺξ
552 1479 638 1519 ἐστὶ
670 1479 804 1531 κυρίως
834 1478 878 1519 τὸ
911 1480 966 1521 εἰς
996 1479 1094 1531 γόνυ
1124 1483 1279 1520 πεσεῖν.
1316 1481 1421 1523 τινὲς
1450 1481 1492 1521 δὲ
1521 1480 1617 1521 αὐτό

141 1551 245 1599 φασι
265 1545 409 1587 ταύτὸν
423 1547 476 1602 τῷ
496 1547 690 1598 πρηνίξαι·
724 1549 857 1589 κακῶς·
889 1545 1070 1599 διαφέρει
1090 1545 1179 1599 γάρ.
1213 1547 1258 1587 οὐ
1279 1549 1355 1600 γὰρ
1375 1548 1542 1590 δύναταί
1556 1565 1616 1592 τις

142 1612 223 1665 ἅμα
249 1615 510 1667 πρηνιχθῆναι
536 1614 600 1654 καὶ
627 1613 840 1654 ὀκλακέναι
862 1613 926 1654 ε’πὶ
947 1615 995 1654 τὰ
1015 1614 1178 1666 γόνατα.
1209 1614 1254 1654 τὸ
1275 1616 1318 1655 δὲ
1337 1618 1612 1669 πρηνιχθῆναι,

142 1681 207 1722 ἐπὶ
221 1680 267 1721 τὸ
285 1682 511 1733 πρόσωπον.
543 1683 564 1721 ὁ
586 1683 663 1734 γὰρ
682 1679 900 1733 ‘Hpo'boros
919 1681 964 1721 τὸ
984 1683 1163 1722 τοιοῦτον
1184 1680 1370 1735 ἐξέφησε·
1402 1688 1614 1736 μεταφορι-

143 1751 217 1792 κῶς
244 1750 322 1802 γὰρ
350 1748 602 1803 χρησάμενος
625 1748 710 1789 εἶπε
732 1748 802 1800 τὴν
822 1749 942 1790 πόλιν
964 1750 1019 1792 εἰς
1039 1749 1136 1802 γόνυ
1156 1753 1309 1796 πεσεῖν,
1332 1752 1446 1791 τοῦτο
1467 1754 1611 1802 δηλῶν,

140 1816 192 1860 ὥς
212 1817 268 1860 εἷς
286 1818 471 1858 δούλειαν
492 1816 613 1868 αὐτὴν
635 1816 850 1870 ἐπήγαγεν.
882 1818 903 1856 ὁ
935 1818 978 1857 δὲ
1006 1817 1216 1870 Εὐφορίων
1242 1817 1312 1858 οὐκ
1342 1819 1467 1870 ὀρθῶς
1497 1817 1611 1871 λέγει

139 1884 229 1936 περὶ
262 1887 331 1925 τοῦ
365 1885 577 1932 Διονύσου,
611 1884 673 1925 ὅτι
704 1887 787 1927 ταῖς
826 1889 1021 1937 γυναικῶν
1054 1884 1216 1935 τάξεσιν
1254 1885 1608 1938 ἐγκελευσάμενος,

141 1951 322 2005 ἐπρήνιξε
350 1953 421 2004 τὴν
447 1952 740 2006 Εὐρυμέδοντος
769 1953 901 1999 πόλιν,
930 1953 1110 1994 τούτεστι
1140 1953 1185 1993 τὸ
1212 1951 1373 2006 Ἄργος.
1437 1953 1609 2010 Insigne

138 2018 433 2076 fragmentum,
467 2035 520 2061 ex
549 2019 778 2067 scholiasta,
809 2029 856 2061 ut
889 2020 1068 2070 videtur,
1096 2020 1139 2060 in
1173 2021 1407 2061 Homerum
1441 2020 1609 2062 desum-

139 2097 245 2129 tum.
277 2088 485 2130 Herodoti
504 2088 621 2130 locus
639 2098 701 2130 est
717 2090 758 2139 6,
782 2098 847 2142 27.
878 2089 979 2140 μετὰ
1008 2088 1051 2129 δὲ
1078 2088 1256 2139 ταῦτα,ἡ
1285 2090 1481 2143 ναυμαχίη
1508 2091 1605 2131 ὑπο-

137 2157 338 2206 λαβοῦσα,
374 2156 447 2208 τ-ὴν
484 2158 606 2198 πόλιν
645 2157 685 2199 ἐς
722 2157 820 2210 γόνυ
856 2155 997 2207 ἔβαλε.
1059 2155 1228 2197 Firmus
1267 2156 1406 2213 Epist.
1436 2158 1502 2198 16.
1541 2172 1607 2213 ap,

138 2221 347 2264 Murator.
365 2223 529 2265 Anecd.
555 2224 692 2265 Graec.
713 2223 792 2265 vol.
813 2235 856 2279 5.
876 2238 918 2280 p.
936 2224 1030 2279 296.
1052 2223 1211 2276 ἤγειρας
1230 2223 1302 2275 τὴν
1322 2227 1470 2265 σαυτοῦ
1489 2225 1610 2266 πόλιν

136 2289 236 2343 πρὸς
263 2291 361 2344 γόνυ
393 2294 658 2344 καμφθεῖσαν,
694 2290 766 2333 ubi
795 2291 930 2333 bonus
961 2291 1199 2348 Episcopus
1232 2291 1413 2333 diversas
1443 2292 1609 2334 videtur

136 2357 372 2400 confudisse
410 2358 624 2408 formulas,
667 2360 706 2401 ἐς
750 2359 847 2411 γόνυ
893 2359 1138 2411 κεκλιμένον,
1181 2368 1222 2401 et
1262 2361 1360 2412 γόνυ
1399 2359 1604 2411 κάμπτειν.

139 2425 375 2467 BLOMF.

195 2493 727 2549 931—939=940—948-

195 2562 728 2617 949-961=962—972·

195 2629 760 2684 973—987=988—1001.

199 2708 477 2751 1002—-1007
488 2717 530 2735 =
545 2696 840 2751 1008—1013.

195 2775 530 2821 1014—1025=
544 2764 838 2819 1026—-1037,

198 2831 840 2888 1038—1045=1046—1053.

196 2899 843 2955 1054—1059=1060--1065.

192 2979 292 3020 931.
326 2967 448 3022 ἐγὼν]
484 2968 582 3009 Non
617 2966 769 3009 usitata
798 2965 964 3022 tragicis
993 2964 1137 3007 forma.
1204 2964 1477 3007 Scribendum
1510 2969 1598 3021 ἐγώ.

814 3048 842 3078 Q
862 3048 891 3089 q
913 3045 935 3074 2
