1898 3256
337 227 420 265 224
809 230 1302 272 ANNOTATIONES

391 336 587 378 δυστόνων
606 339 742 379 Turn.
773 339 1001 392 δυσπότμων
1021 342 1075 381 Α.
1098 352 1138 382 et
1162 350 1255 382 octo
1280 341 1349 382 alii
1375 355 1468 382 cum
1491 341 1601 383 Rob.
1633 343 1768 394 δυστή-

333 419 412 444 νων
448 403 645 445 Cantabr.
681 406 883 448 secundus
916 415 958 448 et.
991 407 1126 449 Viteb.
1187 407 1458 449 scribendum
1491 408 1689 451 δυστάνων
1717 424 1769 450 ex

335 470 446 511 RE.
468 470 637 512 Barocc.
660 471 834 514 Vindob.
862 482 1059 528 quattuor
1087 485 1127 516 et
1148 474 1247 516 Ald.
1279 474 1478 517 δυστάνων
1499 480 1623 517 κακῶν
1642 475 1768 518 doch-

333 536 440 577 mius
459 545 519 578 est
538 538 783 593 praecedenti
804 540 1052 595 respondens
1071 541 1145 593 πρὸ
1167 541 1323 583 πάντων
1343 540 1375 582 δ’
1398 543 1496 594 ἐμοί.

391 603 531 658 κακῶν]
552 605 735 656 πημάτων
755 605 910 662 aliquot
930 607 1051 648 codd.

391 683 488 724 999.
513 670 662 711 Versus
681 671 747 712 hic
766 673 991 729 Antigonae
1011 674 1266 716 tribuendus.

391 737 488 787 ἄναξ
505 735 727 780 Ἐτεόκλεις
747 739 960 794 ἀρχηγέτα]
988 741 1122 781 Verba
1143 740 1366 784 Ἐτεόκλεις
1395 741 1594 795 ἀρχηγέτα
1621 741 1771 783 absunt

333 802 386 843 ab
408 803 635 844 B.C.L.M.
693 805 829 845 Totus
849 820 989 847 versus
1008 807 1171 862 spurius
1191 807 1354 849 videtur
1375 808 1618 849 Blomfieldo
1639 824 1771 864 neque

334 883 411 924 ego
431 868 662 924 negaverim
683 869 857 911 adscribi
878 871 989 913 hunc
1008 887 1168 914 versum
1191 874 1243 915 ab
1268 874 1554 930 interpolatore
1576 875 1771 931 potuisse,

335 949 463 990 quum
484 935 663 990 genuina
683 937 806 978 verba
827 938 1028 994 AEschyli,
1057 940 1208 995 quibus
1228 941 1440 997 Antigona
1461 941 1691 983 inchoatam
1720 943 1773 983 ab

336 1002 495 1043 Ismena
514 1003 737 1044 orationem
758 1019 808 1044 ex
830 1020 903 1046 sua
929 1015 1063 1047 mente
1086 1006 1326 1057 absolveret,
1347 1007 1557 1063 perissent.
1618 1009 1772 1050 Defen-

334 1068 432 1110 dere
451 1069 523 1124 qui
543 1069 694 1121 volent,
714 1080 890 1112 metrum
911 1072 965 1114 sic
987 1073 1188 1129 corrigere
1207 1073 1418 1116 debebunt
1436 1074 1570 1116 deleto
1589 1076 1698 1127 ἄναξ,

676 1172 740 1210 ΙΣ.
775 1169 839 1221 (ἰὼ
861 1170 923 1224 ἰὼ)
945 1170 1167 1214 Ἐτεόκλεις
1187 1171 1398 1225 ἆρχαγέτα.

337 1266 535 1307 Doricum
558 1267 758 1320 ἆρχαγέτα
780 1275 841 1309 est
859 1268 901 1308 in
923 1268 1100 1310 Vindob.
1120 1269 1264 1325 primo.
1326 1270 1520 1311 Ceterum
1549 1280 1773 1326 postremo-

335 1347 430 1374 rum
458 1333 584 1389 hujus
613 1333 800 1375 carminis
830 1349 1021 1376 versuum
1050 1335 1257 1392 responsio
1285 1335 1372 1377 haec
1401 1346 1477 1387 est,
1507 1350 1639 1392 999=
1652 1350 1774 1381 1002.

341 1413 498 1441 1000=
512 1413 634 1456 1003.
659 1414 762 1441 1001
774 1419 816 1438 =.·
830 1413 952 1453 1004.

398 1481 519 1509 1000.
550 1469 825 1508 Personarum
846 1467 951 1509 vices
978 1468 1033 1509 sic
1054 1477 1150 1509 sunt
1170 1469 1446 1511 describendae
1466 1479 1513 1511 ut
1534 1486 1573 1511 v.
1593 1483 1713 1512 1000.
1735 1479 1776 1511 et

341 1547 461 1578 1002.
486 1535 672 1584 Ismenae,
695 1547 813 1575 1001.
836 1543 877 1575 et
899 1547 1020 1589 1003.
1044 1535 1269 1590 Antigonae
1290 1535 1538 1577 tribuantur.

394 1601 550 1642 πάντων
578 1603 896 1642 πολυπονώτατοι
924 1601 1043 1643 codd.
1074 1601 1257 1658 plerique
1286 1611 1327 1644 et
1349 1602 1452 1644 Ald.
1474 1604 1607 1644 Turn.
1653 1608 1774 1645 πολυ-

336 1668 552 1709 πονώτατοι
572 1667 727 1709 πάντων
747 1668 882 1709 Viteb.
928 1669 1269 1710 πολυστονώτατοι
1297 1669 1453 1711 πάντων
1473 1669 1581 1711 Rob.
1621 1669 1777 1711 πάντων

337 1735 677 1775 πολυστονώτατοι
697 1735 840 1791 Steph.
861 1734 975 1790 quod
995 1734 1143 1791 recepi.

397 1813 517 1842 1001.
539 1802 582 1842 ἰὼ
602 1801 877 1858 δαιμονῶντες]
900 1802 944 1843 ἰὼ
962 1802 1006 1843 ἰὼ
1026 1804 1283 1853 δαιμονῶντος
1303 1802 1413 1844 Rob.

395 1868 440 1909 ἐν
458 1882 542 1908 om.
563 1867 723 1923 aliquot
742 1868 863 1909 codd.

398 1947 519 1976 1002.
539 1934 629 1989 ποῦ]
653 1939 724 1976 ποῖ
739 1934 896 1990 aliquot
916 1934 1035 1976 codd.

398 2014 517 2056 1003.
541 2002 601 2054 ἰὼ]
638 2002 680 2042 ἰὼ
702 2002 745 2042 ἰὼ
764 2001 920 2057 aliquot
939 2001 1058 2043 codd.
1081 2010 1121 2044 et
1142 2001 1250 2043 Rob.
1297 2001 1411 2043 Huic
1432 2002 1564 2043 versui
1587 2003 1774 2053 Ismenae,

335 2068 525 2124 proximo
545 2067 771 2123 Antigonae
791 2083 962 2124 persona
981 2068 1218 2124 praescripta
1237 2068 1278 2109 in
1295 2068 1399 2109 Ald.
1422 2069 1531 2110 Rob.
1555 2070 1692 2111 Turn.

392 2135 489 2176 ὅπου
517 2134 759 2188 τιμιώτατον]
793 2133 836 2174 Si
865 2133 1021 2174 πάντων
1053 2135 1391 2175 πολυστονώτατοι
1420 2144 1527 2176 recte
1555 2135 1708 2191 legitur
1736 2151 1776 2177 v.

340 2214 462 2251 1000,
483 2201 548 2242 hic
568 2200 723 2256 syllaba
742 2215 826 2241 una
842 2215 937 2255 quae
956 2199 1109 2241 excidit
1129 2199 1204 2241 erit
1225 2200 1467 2256 supplenda,
1486 2201 1569 2242 sive
1588 2202 1685 2243 ὅπου
1697 2201 1775 2243 ’στὶ

336 2269 563 2320 τιμιώτατον
584 2267 667 2308 sive
687 2268 784 2308 ὅπου
804 2267 846 2307 τὸ
866 2268 1092 2318 τιμιώτατον
1112 2265 1269 2322 scripsit
1289 2276 1423 2322 poeta.

396 2347 517 2386 1004.
541 2333 734 2374 Alterum
762 2334 805 2374 ἰὼ
831 2341 904 2374 aut
931 2333 1007 2373 hoc
1036 2332 1125 2374 loco
1153 2332 1373 2374 delendum
1403 2333 1559 2389 aliquot
1587 2333 1773 2375 codicum

336 2400 577 2442 auctoritate
596 2409 668 2441 aut
690 2401 733 2441 ἰὼ
755 2400 797 2440 ἰὼ
817 2414 855 2439 v.
875 2412 994 2440 1001.
1016 2398 1275 2440 scribendum
1295 2415 1346 2440 ex
1367 2400 1478 2442 Rob.

392 2471 498 2519 πῆμα
527 2467 642 2520 πατρὶ
667 2465 875 2520 πάρευνόν]
899 2466 1027 2506 Recte
1056 2465 1178 2506 schol.
1200 2467 1371 2518 πλησίον
1388 2470 1456 2508 τοῦ
1481 2465 1636 2520 πατρός.
1666 2469 1773 2518 πῆμα

336 2535 388 2576 de
407 2533 604 2575 fratribus
632 2533 743 2589 poni,
765 2532 867 2573 bene
897 2541 1034 2573 monet
1065 2531 1299 2583 Schutzius‚
1323 2533 1542 2588 vertitque,
1563 2533 1666 2574 Heu
1690 2547 1775 2573 ma-

335 2603 434 2651 lum,
439 2602 576 2657 juxta
592 2606 755 2656 patrem
769 2599 1064 2640 accubiturum.
1084 2598 1275 2654 Sophocl.
1296 2600 1491 2641 Trachin.
1510 2610 1603 2655 793.
1626 2599 1772 2641 δυσπά-

335 2683 474 2720 ρευνον
492 2666 669 2718 λέκτρον,
690 2665 937 2706 connubium
955 2679 1046 2705 cum
1067 2665 1178 2705 mala
1195 2666 1381 2722 conjuge.
1417 2666 1646 2707 BLOMF.

398 2744 519 2788 1005.
542 2731 713 2786 δόξαντ’]
734 2729 917 2783 μέλλοντ’
940 2733 995 2772 Α.

393 2798 680 2853 ἀπαγγέλλειν]
701 2799 939 2851 ἀπαγγεῖλαι
960 2807 1041 2839 tres
1060 2797 1230 2839 codices.

397 2867 518 2907 1006.
566 2864 732 2920 πόλεως]
782 2863 925 2918 χθονός
969 2864 1165 2905 Cantabr.
1205 2864 1375 2920 primus.
1437 2865 1565 2905 Recte
1603 2864 1773 2905 fortasse

337 2931 603 2973 Blomfieldus
625 2933 817 2983 Καδμείας
836 2929 1094 2984 χθονός-ἐπ’
1116 2931 1244 2984 εὐνοίᾳ
1263 2929 1426 2973 πόλεως.
