1898 3256
370 211 457 254 246
844 214 930 254 AN
937 214 974 254 N
979 213 1336 254 OTATIONES

427 322 608 365 εὖπετοῦς
628 323 847 362 Porsonus.
881 322 1060 365 εὖπετέος
1078 322 1214 378 vulgo.
1251 321 1438 363 εὐπετέως
1458 320 1542 361 duo
1561 320 1682 362 codd.

426 388 615 442 ἀνᾴσσων
636 389 881 430 Brunckius.
913 391 1112 431 ἇναίσσων
1135 391 1272 430 Turn.
1304 388 1490 429 ἀνάσσων
1509 387 1647 442 vulgo.
1683 393 1711 412 “
1728 388 1804 429 Ve-

369 469 460 495 rum
484 454 645 495 videtur
665 455 864 496 ἀνάσσων.
894 471 1070 511 quocum
1093 454 1318 510 comparari
1345 463 1479 510 potest
1499 453 1637 495 similis
1657 453 1806 495 locutio

370 523 524 574 ἐφόδων
554 521 741 565 ἀνάσσεις
779 523 891 578 apud
926 522 1074 577 Eurip.
1113 523 1204 562 Ion.
1241 534 1360 573 1049.
1397 519 1621 575 AEschylus
1658 521 1805 575 Agam.

367 590 465 641 526.
496 592 575 631 πῶς
605 588 649 639 δή
664 606 673 635 ;
706 589 899 641 διδαχθεὶς
927 591 1037 629 τοῦδε
1058 589 1238 628 δεσπόσω
1261 588 1396 639 λόγου.
1423 587 1670 641 omninoque
1690 601 1807 626 voca-

368 653 467 695 bula
487 654 661 701 ἀνάσσω,
684 656 868 703 δεσπόζω,
890 655 1000 704 ἄναξ,
1023 655 1211 704 δεσπότης
1238 667 1355 693 sensu
1378 653 1554 708 figurato
1573 653 1626 693 ab
1645 652 1808 708 tragicis

370 720 576 761 dicuntur.
610 720 659 760 V.
675 720 861 774 Choeph.
885 731 977 774 170.
1002 721 1112 775 Sept.
1131 734 1164 760 c.
1188 719 1274 759 Th.
1292 730 1358 772 27.
1380 719 1529 775 Eurip.
1552 719 1728 776 Teleph.
1743 720 1808 762 2.”

371 786 851 827 WORDSWORTH.
896 786 936 826 in
978 787 1067 827 The
1109 786 1383 841 Philological
1410 787 1623 836 Museum,
1660 786 1736 827 vol.
1773 800 1807 826 1.

376 868 418 908 p.
437 865 531 906 219.

427 916 899 972 δολόμητιν-ἀνᾴσσων]
933 918 1041 958 Duae
1067 926 1161 959 sunt
1180 917 1390 974 opiniones
1410 918 1665 959 veterumssde
1684 918 1810 959 divini

370 983 550 1025 numinis
582 999 678 1039 erga
702 984 909 1024 fortunam
950 983 1159 1024 hominum
1200 984 1370 1030 habitu3
1401 985 1539 1031 altera,
1574 1001 1657 1040 qua
1687 985 1808 1026 deum

370 1051 546 1092 eundem
567 1050 770 1091 hominem
793 1059 992 1104 perpetuo
1010 1049 1175 1090 beatum
1197 1065 1281 1090 esse
1300 1050 1405 1091 ferre
1435 1065 1550 1105 posse
1577 1051 1806 1106 negabant;

370 1118 510 1167 altera,
532 1133 614 1172 qua
630 1117 815 1157 divinum
837 1130 987 1156 numen
1017 1116 1144 1171 ipsam
1167 1116 1340 1157 hominis
1369 1117 1616 1167 felicitatem,
1640 1133 1808 1174 praeser-

372 1185 443 1226 tim
474 1184 506 1224 si
533 1200 580 1224 ea
605 1183 823 1224 insolenter
851 1183 1060 1232 abutatur,
1081 1183 1274 1224 insciente
1293 1199 1341 1224 eo
1360 1199 1406 1224 ac
1433 1184 1597 1225 minime
1625 1196 1811 1240 sperante

370 1252 411 1292 in
443 1251 659 1307 perniciem
691 1260 924 1291 convertere
955 1250 1199 1290 statuebant.
1261 1251 1379 1290 Illam
1411 1250 1537 1305 igitur
1565 1251 1618 1291 ob
1649 1266 1809 1292 causam

371 1318 449 1359 deo
478 1318 710 1363 invidiam‚·
743 1317 846 1356 hanc
873 1316 926 1356 ob
955 1330 1038 1356 rem
1065 1325 1200 1356 autem
1232 1316 1269 1356 ei
1298 1316 1434 1356 dolum
1464 1318 1716 1372 s-Jraudem
1743 1318 1813 1358 tri-

371 1385 518 1426 buunt.
554 1383 706 1424 Prioris
727 1382 925 1423 sentiendi
943 1382 1220 1437 loquendique
1236 1383 1401 1423 rationis
1418 1383 1649 1438 exemplum
1671 1399 1812 1424 occur-

372 1451 426 1492 rit
444 1466 511 1506 ap.
534 1449 794 1490 Herodotum
815 1462 858 1503 3,
879 1461 948 1500 40.
969 1449 1039 1489 ubi
1060 1449 1226 1489 Amasis
1245 1449 1296 1489 ad
1323 1449 1577 1504 Polycratem
1603 1450 1812 1500 scribit,—

373 1533 414 1558 se
434 1516 600 1572 quidem
622 1516 711 1570 ejus
740 1530 933 1570 prospera
953 1515 1118 1555 fortuna
1141 1514 1343 1565 delectari,
1366 1515 1436 1555 sed
1465 1525 1680 1571 propterea
1699 1515 1812 1570 quod

372 1584 497 1624 nimia
515 1583 565 1623 sit
585 1582 672 1637 ejus
702 1582 963 1637 prosperitas,
984 1591 1025 1622 et
1044 1580 1308 1621 humanitatis
1331 1581 1499 1622 modum
1528 1581 1713 1631 excedat,
1735 1581 1812 1622 sol-

370 1650 525 1691 licitum
557 1664 667 1694 esse;
701 1663 781 1688 non
813 1648 992 1702 ignotam
1028 1647 1135 1688 enim
1167 1647 1241 1687 sibi
1273 1663 1358 1688 esse
1392 1647 1570 1688 numinis
1604 1648 1810 1688 invidiam.

372 1718 457 1768 ἐμοὶ
486 1718 542 1763 δὲ,
571 1714 717 1769 inquit,
748 1716 788 1755 αἱ
815 1715 883 1754 σαὶ
912 1714 1080 1766 μεγάλαι
1107 1714 1278 1766 εὐτυχίαι
1304 1714 1372 1754 οὐκ
1396 1713 1617 1765 ἀρέσκουσι,
1649 1716 1807 1755 ἐπιστα-

368 1783 472 1838 μένῳ
491 1782 535 1823 τὸ
556 1785 662 1823 θεῖον
683 1782 732 1823 ὡς
753 1781 836 1821 ἔστι
856 1779 1262 1832 φθονερόν-οὐδένα
1279 1781 1354 1832 γὰρ
1376 1781 1438 1820 καὶ
1456 1781 1563 1834 λόγῳ
1584 1781 1670 1821 οἶδα
1690 1782 1805 1821 ἀκού-

374 1867 459 1896 σας,
481 1850 588 1891 ὅστις
618 1850 658 1891 ἐς
687 1847 801 1889 τέλος
828 1848 873 1887 οὐ
901 1851 1023 1889 κακῶς
1053 1847 1283 1897 ἐτελεύτησε
1308 1848 1519 1898 πρόρριζος,
1547 1847 1738 1900 εὐτυχέων
1764 1849 1812 1887 τὰ

374 1916 514 1957 πάντα.
574 1914 735 1954 Eodem
774 1913 896 1952 modo
927 1913 1168 1953 Artabanus
1204 1913 1389 1952 Xerxem
1424 1928 1449 1953 a
1483 1912 1590 1953 bello
1621 1914 1815 1954 adversus

378 1979 580 2021 Graeciam
604 1989 786 2019 avertere
809 1977 976 2033 cupiens
1004 1978 1194 2018 invidiam
1218 1978 1322 2019 hanc
1341 1978 1469 2018 divini
1499 1979 1676 2019 numinis
1704 1994 1815 2020 com-

375 2055 572 2086 memorat
604 2056 640 2098 7,
669 2059 731 2086 10.
752 2046 846 2097 ὁρᾷς
866 2046 913 2084 τὰ
932 2044 1173 2097 ὑπερέχοντα
1192 2049 1268 2092 ζῶα
1296 2046 1346 2087 ὥς
1376 2049 1557 2097 κεραυνοῖ
1578 2047 1598 2085 ὁ
1620 2045 1708 2087 θεὸς
1727 2046 1816 2086 οὐδὲ

376 2114 421 2165 ἐᾷ
454 2111 731 2163 φαντάζεσθαι,
766 2113 813 2150 τὰ
846 2112 888 2150 δὲ
919 2113 1060 2162 σμικρὰ
1091 2111 1204 2151 οὐδέν
1233 2127 1300 2161 μιν
1328 2111 1468 2158 κνίζει;
1499 2113 1593 2164 ὁρᾷς
1621 2112 1663 2151 δὲ
1695 2113 1746 2154 ὡς
1776 2113 1816 2154 ἐς

375 2178 562 2228 οἰκήματα
594 2179 643 2217 τὰ
675 2176 842 2228 μέγιστα
876 2177 952 2215 αἰεὶ
987 2176 1049 2215 καὶ
1084 2177 1244 2229 δένδρεα
1278 2179 1326 2216 τὰ
1356 2176 1496 2216 τοιαῦτ’
1530 2177 1817 2227 ἀποσκήπτεται

375 2243 528 2294 βέλεα;
561 2242 692 2294 φιλέει
720 2244 795 2294 γὰρ
825 2243 846 2282 ὁ
879 2242 967 2284 θεὸς
999 2244 1048 2282 τὰ
1074 2243 1315 2295 ὑπερέχοντα
1345 2241 1473 2282 πάντα
1498 2243 1685 2283 κολούειν·
1718 2244 1815 2283 οὕτω

377 2309 422 2359 δὴ
454 2311 515 2350 καὶ
550 2309 716 2361 στρατὸς
752 2308 904 2350 πολλὸς
935 2308 1010 2348 ὑπὸ
1045 2310 1182 2362 ὀλίγου
1222 2310 1485 2362 διαφθείρεται
1524 2311 1620 2349 κατὰ
1653 2310 1823 2349 τοιόνδεῖ

378 2374 498 2416 ἐπεάν
519 2380 593 2426 σφι
614 2376 634 2414 ὁ
656 2374 744 2416 θεὸς
764 2372 967 2425 φθονήσας
987 2375 1119 2426 φόβον
1139 2375 1295 2430 ἐμβάλῃ
1314 2374 1337 2426 ἢ
1357 2375 1540 2427 βροντὴν,
1559 2374 1603 2415 δι’
1621 2376 1675 2415 ὧν
1696 2373 1816 2426 ἐφθά-

375 2459 502 2495 ρησαν
523 2442 686 2491 ἀναξίως
716 2442 880 2487 ἑωϋτῶν,
902 2441 946 2480 οὐ
969 2442 1044 2492 γὰρ
1073 2443 1118 2494 ἐᾷ
1147 2442 1331 2494 φρονέειν
1350 2443 1477 2482 ἄλλον
1495 2441 1598 2494 μέγα
1626 2442 1647 2481 ὁ
1678 2441 1766 2483 θεὸς
1793 2439 1817 2491 ἢ

379 2511 534 2550 ἑωυτόν.
594 2509 745 2562 Itaque
775 2521 868 2547 cum
909 2506 948 2545 h.
975 2505 1000 2545 l.
1038 2506 1188 2548 chorus
1218 2508 1271 2548 de
1299 2507 1439 2548 dolosa
1463 2506 1610 2547 fraude
1641 2505 1818 2546 numinis

377 2574 575 2629 loquitur,
596 2573 696 2613 nihil
726 2572 837 2612 aliud
869 2571 1072 2626 intelligit,
1093 2588 1216 2627 quam
1238 2573 1359 2614 deum
1385 2587 1583 2612 summam
1606 2571 1816 2612 hominum

377 2641 583 2681 fortunam
606 2638 743 2679 subito
764 2653 872 2693 saepe
891 2647 1084 2686 evertere,
1106 2654 1257 2694 eosque
1278 2654 1350 2679 uec
1370 2638 1595 2693 opinantes,
1616 2653 1662 2679 ac
1680 2652 1823 2685 rerum

379 2721 543 2747 suarum
569 2705 828 2761 prosperitati
858 2703 1028 2743 nimium
1049 2715 1249 2758 quantum
1276 2704 1446 2744 confisos
1475 2704 1515 2744 in
1545 2704 1820 2744 acerbissimas

378 2772 638 2820 calamitates,
663 2770 771 2811 unde
792 2785 832 2810 se
852 2769 1044 2825 expedire
1066 2781 1282 2825 nequeant,
1299 2769 1508 2825 conjicere.
1533 2771 1662 2810 SCH.
1695 2771 1815 2810 Conf.

377 2847 515 2887 annot.
536 2838 590 2878 ad
611 2852 651 2878 v.
673 2838 769 2891 362.
1522 2880 1530 2887 ⁹

434 2905 500 2957 96.
531 2904 738 2955 φιλόφρων
763 2903 837 2955 γὰρ
866 2903 1058 2943 σαίνουσα
1083 2901 1127 2942 τὸ
1156 2905 1307 2952 πρῶτον
1332 2899 1499 2954 παράγει
1524 2900 1689 2956 βροτὸν]
1724 2902 1815 2950 Me·
1874 2936 1879 2942 .
