1898 3256
371 242 461 283 AD
495 241 750 283 SEPTEM
783 240 1114 282 ADVERSUS
1147 241 1417 283 THEBAS.
1547 242 1633 284 213

163 356 224 392 est
243 351 355 392 torvi
375 351 582 394 PuBLmA
602 351 747 407 cymba
765 351 892 392 senis.
925 350 1159 391 BLOMF.
1206 350 1447 392 Delendum
1469 365 1631 392 comma

163 427 258 475 post
276 417 485 467 πάνδοκον,
507 418 623 475 quod
642 434 667 460 a
686 417 977 475 praepositione
1005 419 1062 460 εἷς
1088 417 1242 474 pendet
1267 418 1459 474 proximo
1487 418 1631 460 addita

161 485 380 542 adjectivo.
439 486 510 528 Ad
533 487 646 528 hunc
664 487 800 528 locum
823 485 1039 527 referenda
1058 485 1172 527 haud
1188 485 1315 527 dubie
1333 486 1472 542 glossa
1492 488 1632 544 Hesy-

163 554 260 605 chii,
279 556 320 599 ἐς
338 554 536 598 πάνδοκον
559 554 710 610 (codex
733 553 1000 608 ἐσπανδοκόν)
1017 570 1026 596 :
1061 556 1118 598 εἷς
1137 554 1207 596 τὸν
1226 553 1377 599 πάντας
1397 554 1628 610 δεχόμενον.

164 622 248 674 Qui
269 623 341 675 τὴν
358 623 498 680 potius
518 623 694 665 scribere
713 623 905 665 debebat.

222 691 318 743 864.
348 692 613 743 βαθύκολπος,
635 691 916 748 Profundum,
936 690 964 732 i.
985 706 1020 732 e.
1042 690 1267 731 demissum
1293 690 1449 732 habens
1473 692 1630 733 sinum.

163 759 344 815 Aug-lice
365 759 701 816 Long-waisted.
763 759 857 800 Vox
878 757 1118 810 Homerica,
1142 757 1264 799 Iliad.
1286 762 1333 800 Σ.
1351 770 1447 802 122.
1470 762 1630 811 Δαρδα-

166 828 284 869 νίδων
315 826 596 880 βαθυκόλπων.
657 827 820 869 Eadem
848 827 936 869 fere
970 842 1018 868 ac
1046 827 1277 879 βαθύζωνος
1308 825 1432 867 Iliad.
1466 830 1498 867 Ι.
1528 839 1629 882 590.

165 894 352 952 Hesych.
383 893 668 937 Βαθυκόλπων.
702 894 892 949 ἡρωΐδων,
921 894 999 937 ἀπὸ
1029 897 1098 936 τοῦ
1125 894 1333 948 μεγέθους.
1365 894 1430 935 καὶ
1457 895 1632 946 βαθυζώ-

164 979 256 1005 νων.
315 963 470 1004 Noster
491 964 606 1005 Pers.
629 972 723 1018 155.
750 962 810 1004 Ὦ
836 964 1076 1015 βαθυζώνων
1103 963 1264 1004 ἄνασσα
1285 964 1497 1015 Περσίδων
1515 963 1633 1015 ὑπερ-

164 1028 274 1082 τάτη.
314 1030 388 1072 ubi
427 1031 552 1073 schol.
592 1032 956 1084 βαθύζωνοι-διὰ
995 1030 1039 1072 τὸ
1080 1032 1311 1083 κροσσωτᾶς
1344 1031 1468 1079 ζώνας
1506 1030 1629 1085 ἔχειν.

165 1097 357 1154 Choeph.
394 1100 486 1152 167.
526 1099 757 1150 βαθυζώνου
799 1097 926 1152 κόρης.
971 1097 1214 1154 Etymolog.
1250 1098 1317 1138 M.
1354 1113 1397 1153 p.
1427 1099 1524 1154 185,
1556 1111 1627 1151 42.

165 1164 458 1215 Βαθυκόλπους,
481 1166 559 1208 ἀπὸ
579 1170 648 1209 τοῦ
669 1168 712 1208 ἐκ
736 1169 804 1218 τῆς
826 1167 978 1218 ζώσεως
1002 1167 1272 1218 κολπῶματος.
1307 1165 1477 1208 Pindar.
1499 1166 1629 1222 Pyth.

165 1233 206 1274 Ῑ.
227 1243 295 1289 25.
325 1233 591 1286 βαθυκόλπων
611 1237 788 1276 Μοισᾶν.
848 1233 980 1275 Plura
1009 1233 1127 1274 dabit
1150 1233 1324 1275 Alberti.
1354 1233 1408 1275 ad
1440 1234 1629 1292 Hesych.

163 1299 206 1341 in
226 1315 292 1342 vv.
353 1300 474 1342 Idem
494 1301 580 1342 fere
600 1310 661 1343 est
681 1302 952 1353 βαθύπεπλος.
986 1302 1219 1343 BLOMF.

223 1368 320 1422 867.
352 1368 607 1418 δυσκέλαδος,
638 1370 886 1424 ῙῃῘὰιιδίιιτη
915 1383 1083 1411 sonans.
1126 1370 1348 1423 δύσφωνος.
1382 1370 1502 1411 κακὸν
1530 1370 1633 1424 ἦχον

163 1436 386 1488 ἀποτελῶν,
416 1436 604 1494 Hesych.
653 1437 806 1493 Eurip.
836 1437 955 1480 Med.
979 1450 1078 1492 419.
1108 1447 1151 1479 et
1180 1436 1387 1478 simillimo
1415 1437 1506 1479 loco
1538 1439 1629 1479 Ion.

169 1516 293 1558 1090.
325 1503 802 1546 δυσκελάδοισι-ἆείδεθ
832 1506 980 1557 ὕμνοις.
1010 1504 1111 1547 ibid.
1133 1505 1255 1560 1098.
1288 1506 1632 1548 Μοῦσα-δυσκέ-

164 1574 300 1614 λαδος.
322 1571 497 1612 Homer.
520 1570 643 1613 Iliad.
663 1576 717 1614 Π.
738 1574 837 1628 356.
861 1574 1009 1624 φόβοιο
1031 1572 1302 1614 Δυσκελάδου.
1364 1572 1471 1614 Vide
1490 1583 1629 1615 autem

167 1638 390 1694 Spanhem.
411 1638 454 1679 in
476 1637 638 1680 Gallim.
662 1654 706 1696 p,
730 1640 796 1682 28.
814 1639 888 1695 qui
909 1648 1027 1681 notat
1045 1639 1218 1681 deorum
1247 1639 1476 1681 inferorum
1506 1640 1627 1696 hym-

167 1720 242 1746 nos
260 1720 474 1746 occurrere
496 1706 611 1746 Pers.
634 1707 730 1757 624.
791 1704 917 1746 Adde
940 1705 1130 1762 Choeph.
1152 1717 1252 1759 472.
1274 1707 1491 1759 αἱματηρᾶν
1513 1710 1631 1749 Θεῶν

169 1775 267 1814 κατὰ
285 1776 360 1825 γᾶς
379 1771 435 1814 ὅδ’
455 1774 586 1825 ὕμνος.
618 1773 850 1815 BLOMF.

222 1839 402 1893 Ἐρινύος
422 1841 487 1880 Μ.
517 1841 719 1893 Ἐριννύος
739 1841 880 1897 vulgo.

226 1908 323 1949 868.
364 1908 511 1963 ἰαχεῖν]
552 1908 826 1950 Scribendum
866 1910 982 1963 ἆχεΐν
1016 1924 1111 1951 cum
1149 1909 1351 1952 Elmsleio
1388 1910 1441 1952 ad
1478 1911 1628 1968 Eurip.

168 1975 336 2018 Hei-acl.
358 1990 399 2016 v·
423 1986 446 2029 7
449 1987 518 2030 52.

219 2041 354 2098 Ἀιδα]
397 2042 664 2084 Scribebatur
695 2043 834 2099 Ἀΐδᾳε
882 2045 933 2086 de
965 2059 1052 2100 quo
1084 2044 1171 2085 dixi
1201 2044 1254 2085 ad
1293 2045 1506 2087 Prometh.
1536 2059 1629 2102 152.

166 2112 282 2166 ἠχεῖν
295 2110 412 2162 Ἀιδῃ
432 2110 577 2152 maluit
597 2110 832 2153 Elmsleius.
880 2111 1124 2154 Genitivum
1139 2110 1259 2153 Ἅιδα
1280 2112 1343 2153 vel
1359 2112 1500 2155 Ἀιδου
1521 2129 1627 2170 prae-

168 2179 248 2221 fert
268 2178 551 2220 Blomfieldus.

227 2247 324 2302 869.
344 2245 475 2288 παιᾶν’
497 2245 750 2304 ἐπιμέλπειν]
771 2246 959 2303 Choeph.
983 2247 1075 2299 148.
1098 2246 1222 2300 Ὓμᾶς
1242 2250 1286 2289 δὲ
1308 2254 1491 2293 κωκυτοῖς
1514 2251 1632 2292 ἐπαν-

169 2316 288 2364 θίζειν
307 2315 425 2366 νόμος
444 2317 604 2355 Παιᾶνα
633 2317 701 2354 τοῦ
733 2314 924 2357 θανόντος
954 2314 1233 2367 ἐξαυδωμένας.
1295 2315 1384 2357 Ubi
1415 2316 1539 2357 schol.
1572 2319 1631 2359 ὅτι

170 2382 235 2423 ἐπὶ
254 2382 522 2424 ἀποθανόντος
540 2384 690 2422 παιᾶνα
710 2381 797 2422 εἶπε
818 2385 952 2428 κακῶς,
978 2382 1040 2423 καὶ
1062 2382 1284 2434 Εὐριπίδης·
1309 2383 1488 2437 (Alcest.
1507 2387 1628 2438 424.)

170 2452 331 2490 Παιᾶνα
357 2449 411 2503 τῷ
437 2447 610 2488 κάτωθεν
636 2448 823 2502 ἆσπόνδῳ
854 2450 943 2502 θεῷ.
1005 2448 1094 2489 Ubi
1125 2448 1218 2504 lego
1247 2453 1396 2491 παιᾶνα
1425 2451 1548 2498 εἶπεν,
1580 2452 1632 2494 ὦς

171 2516 235 2557 καὶ
268 2516 362 2568 Εὗρ.
423 2514 754 2556 Confunduntur
790 2514 920 2570 igitur
957 2517 1079 2556 παιὰν
1119 2525 1160 2557 et
1200 2519 1355 2569 θρῆνος,
1387 2517 1495 2558 inter
1526 2533 1631 2572 quos

171 2592 307 2624 tamen
329 2581 548 2637 distinguit
568 2583 722 2622 Noster
740 2581 930 2638 Choeph.
950 2595 1052 2636 340.
1080 2581 1192 2624 Ἀντὶ
1220 2585 1264 2625 δὲ
1293 2584 1446 2636 θρήνων
1472 2586 1629 2636 ἐπιτυμ-

167 2650 307 2701 βιδίων
327 2651 460 2690 Παιὰν
478 2648 689 2702 μελάθροις
709 2650 753 2690 ἐν
771 2650 1009 2700 βασιλείοις.
1070 2649 1241 2706 Adjecit
1267 2650 1396 2706 igitur
1417 2651 1630 2708 epitheton

170 2716 326 2770 ἐχθρόν.
360 2716 591 2757 BLOMF.

230 2784 325 2837 870.
377 2784 421 2824 ἰὼ
464 2793 582 2824 extra
620 2790 798 2823 metrum
838 2792 912 2834 est,
954 2794 1002 2824 ut
1040 2783 1081 2823 in
1122 2793 1344 2840 systemate
1382 2786 1632 2841 anapaestico

170 2851 288 2891 Pers.
312 2862 411 2904 909.

228 2917 325 2971 871.
340 2918 517 2971 στρόφον
529 2917 693 2969 ἐσθῆσιν
705 2916 1038 2974 περιβάλλονται]
1054 2919 1241 2973 στρόφος,
1254 2934 1372 2961 zona.
1390 2938 1634 2973 συνεστραμ-

167 2985 287 3037 μένος
305 2989 447 3038 λῶρος.
470 2984 657 3041 Hesych.
694 2986 876 3038 σχοινίον
897 2985 1181 3039 ἐστραμμένον,
1196 2987 1281 3039 ἤτοι
1303 2988 1496 3040 κλωστὸν,
1516 2987 1541 3041 ἢ
1569 2991 1633 3031 καὶ
1697 2983 1700 2987 ’
