1898 3256
349 237 439 279 AD
472 237 727 279 SEPTEM
759 235 1091 278 ADVERSUS
1125 234 1398 276 THEBAS.
1523 234 1608 279 179

195 351 294 404 464.
314 352 637 404 μυκτηρόκομπον
656 352 822 402 πνεῦμα,
845 350 1058 406 Spiritus,
1079 349 1153 406 qui
1163 362 1246 405 per
1268 361 1394 390 nares
1414 347 1605 397 emissus,

137 431 284 459 sonum
289 418 604 475 jactabundum
622 419 721 460 edit.
754 417 986 459 BLOMF.

195 494 293 547 465.
316 491 502 548 σμικρὸν]
522 492 662 546 μικρὸν
683 492 747 533 Μ.
769 491 923 548 aliique
943 489 1133 533 nonnulli
1155 499 1197 532 et
1217 489 1324 531 Ald.
1346 490 1483 531 Turn.

194 567 294 619 466.
315 565 347 608 δ’
369 575 480 608 recte
499 566 610 608 delet
630 565 916 608 Blomfieldus.

195 641 499 694 προσαμβάσεις
529 642 746 684 Canterus.
788 640 888 694 πρὸς
917 639 1116 693 ἆμβάσεις
1146 638 1242 680 edd.
1274 647 1434 679 veteres
1468 646 1523 688 ct,
1563 646 1609 678 ut

139 707 318 760 videtur,
339 709 512 751 codices.

195 784 296 835 468.
320 785 367 825 ἐν
385 798 467 825 om.
490 783 602 825 Rob.

196 861 419 910 ξυλλαβαῖς
439 856 692 899 Brunckius.
724 860 955 910 συλλαβαῖς
974 855 1083 899 libri.

196 941 295 984 472.
317 931 434 986 τύχῃ]
458 931 572 986 τάχει
594 930 704 972 Rob.

196 1005 241 1047 δέ
260 1022 313 1061 τῳ
333 1005 466 1047 codex
487 1006 592 1047 Ven.
614 1004 728 1061 apud
751 1006 1003 1046 Burtonum.
1036 1003 1079 1044 δὲ
1099 1002 1152 1059 τῷ
1175 1001 1279 1044 Ald.
1300 1002 1438 1042 Turn.
1471 1001 1527 1049 δὲ,
1557 1001 1610 1056 τῷ

140 1074 250 1116 Rob.
284 1073 430 1131 Steph.
487 1073 615 1130 Soph.
648 1073 753 1115 OEd.
787 1074 845 1114 T.
874 1073 941 1114 80.
973 1073 1017 1113 ἐν
1046 1072 1144 1128 τύχῃ
1175 1070 1226 1124 γέ
1256 1087 1309 1126 τῳ
1340 1068 1499 1122 σωτῆρι.
1538 1067 1611 1109 ubi

140 1141 335 1199 AEschyli
354 1156 518 1184 versum
539 1140 796 1198 comparavit
817 1139 1058 1182 Triclinius.

196 1226 296 1272 473.
320 1218 384 1259 καὶ
404 1217 450 1269 δὴ
469 1216 694 1269 πέπεμπται
709 1214 959 1257 Erfurdtius
978 1213 1031 1255 ad
1056 1212 1185 1269 Soph.
1209 1211 1332 1268 Ajac.
1353 1226 1397 1267 p.
1418 1223 1520 1266 514.
1546 1211 1610 1252 καὶ

138 1285 185 1337 δὴ
205 1284 397 1337 πέπεμπτ’
419 1285 465 1326 οὗ
487 1285 607 1326 Β.Μ.
634 1283 787 1340 aliique
817 1281 1021 1324 nonnulli.
1081 1280 1171 1322 Alii
1204 1280 1266 1322 καὶ
1296 1280 1342 1332 δὴ
1371 1278 1534 1332 πέμπετ’
1565 1279 1612 1321 οὐ

139 1367 234 1395 cum
256 1351 361 1394 Ald.
382 1352 496 1394 Rob.
528 1352 592 1394 καὶ
611 1351 805 1414 πέμπεται
826 1349 857 1392 δ’
880 1350 926 1391 οὐ
949 1350 1085 1391 Turn.

196 1464 296 1505 474.
316 1453 520 1508 σπαρτῶν]
546 1454 722 1505 σπαρτοῦ
740 1451 805 1491 Μ.
829 1467 885 1492 ων
905 1450 958 1492 ab
978 1449 1059 1491 alia
1078 1464 1132 1491 m.
1155 1447 1379 1505 adscripto.
1411 1452 1443 1473 ‘⁶
1459 1447 1610 1504 Eurip.

142 1520 293 1563 Phoen.
334 1522 430 1576 956.
480 1520 531 1562 σὺ
568 1519 599 1561 δ’
646 1517 775 1561 ἐνθάδ’
821 1519 914 1571 ἡμῖν
954 1517 1093 1561 λοιπὸς
1133 1517 1172 1559 εἴ
1208 1520 1394 1570 σπαρτῶν
1434 1515 1612 1570 γένους.”

144 1587 377 1629 BLOMF.

197 1666 299 1711 475.
328 1654 511 1712 μάργων]
544 1671 591 1696 ον
620 1654 669 1707 (ἰ.
690 1670 725 1696 e.
753 1654 926 1709 μάργον)
959 1668 985 1695 a
1014 1668 1141 1695 manu
1170 1667 1251 1694 rec.
1283 1646 1610 1708 superscriptum

142 1724 184 1765 in
206 1725 272 1766 M.

197 1792 300 1846 478.
323 1791 461 1848 ἄνδρε]
485 1791 629 1844 ἄνδρας
648 1790 808 1847 aliquot
826 1789 998 1832 codices.

197 1860 728 1914 481—485=521—525.

197 1928 297 1980 481.
319 1928 536 1982 ἐπεύχομαι
557 1926 756 1968 Cantabr.
777 1924 985 1967 secundus
1003 1935 1045 1966 et
1065 1923 1167 1966 Ald.
1191 1924 1305 1966 Rob.
1327 1925 1544 1979 ἐπεύχομαι
1565 1923 1612 1976 δὴ

143 1997 280 2037 Turn.
301 1994 665 2046 consentientibus,
688 2002 734 2035 ut
754 1993 936 2044 videtur,
956 1991 1181 2035 codicibus.

199 2065 266 2120 τὰ]
292 2063 535 2120 Legebatur
562 2066 663 2119 τῷδε
684 2077 780 2104 cum
806 2061 928 2104 codd.
950 2060 1160 2118 plerisque
1183 2070 1224 2102 et
1247 2060 1361 2102 Rob.
1382 2059 1476 2102 τάδε
1496 2060 1547 2101 Β.
1569 2068 1611 2100 et

142 2141 224 2174 tres
243 2132 312 2173 alii
329 2147 425 2174 cum
446 2131 548 2172 Ald.
572 2132 711 2172 Turn.
742 2131 854 2187 τῷδε,
877 2129 1160 2186 superscripto
1179 2128 1285 2180 τάδε,
1310 2129 1369 2170 Α.

201 2201 244 2242 ἰὼ
263 2199 392 2256 vulgo
411 2199 463 2241 ad
486 2209 649 2240 versum
671 2198 909 2255 proximum
932 2198 1120 2239 relatum.

201 2268 433 2320 Ζὼ-δόμων
451 2275 546 2324 post
566 2269 776 2321 δυστυχεῖν
795 2265 996 2321 leguntur
1012 2264 1055 2305 in
1078 2264 1191 2306 Rob.

199 2332 299 2384 482.
319 2332 488 2388 πρόμαχ’
510 2333 630 2388 ἐμῶν]
656 2333 838 2386 πρόμαχε
858 2335 936 2373 τῶν
957 2333 1061 2384 ἐμῶν
1080 2330 1241 2387 aliquot
1260 2329 1383 2371 codd.

198 2400 299 2454 483.
315 2400 507 2452 βάζουσιν
526 2402 585 2441 Α.
615 2399 780 2452 βάζουσ’
803 2399 947 2456 vulgo.

201 2469 340 2508 πτόλει
362 2469 427 2509 Μ.
450 2467 614 2524 aliique.
645 2468 763 2509 πόλει
783 2466 851 2508 alii
871 2476 914 2508 et
934 2466 1038 2508 Ald.
1064 2467 1202 2508 Turn.
1232 2467 1353 2507 πόλιν
1374 2465 1485 2507 Rob.

202 2534 302 2587 484.
322 2535 539 2591 μαινομένᾳ
559 2536 673 2577 Α.Β.
693 2534 858 2590 aliique.
889 2533 1106 2586 μαινομένῃ
1127 2533 1229 2575 Ald.
1252 2532 1364 2574 Rob.
1388 2534 1527 2574 Turn.

201 2602 301 2654 487.
333 2601 507 2657 Ὄγκας]
547 2602 784 2643 Minervam
822 2601 1041 2643 Phoenices
1070 2600 1230 2655 Ὄγκαν
1258 2601 1476 2648 vocabant,
1509 2609 1613 2642 teste

146 2667 375 2710 scholiasta.
418 2668 578 2723 Ὄγκαν
616 2670 753 2711 vicum
796 2669 958 2711 Thebis
997 2669 1178 2711 vicinum
1214 2677 1444 2710 memorant
1485 2668 1611 2710 schol.

146 2735 320 2777 Pindari
339 2751 365 2777 a
383 2737 565 2779 Stanleio
579 2737 742 2786 citatus,
758 2747 799 2779 et
817 2739 965 2779 Tzetz.
980 2737 1023 2778 in
1042 2737 1258 2794 Lycophr.
1277 2746 1401 2791 1225.
1424 2736 1611 2792 Hesych.

139 2802 296 2856 Ὄγκας
321 2802 505 2856 Ἀθηνᾶς.
535 2807 603 2848 τὰς
630 2804 826 2858 Ὠγυγίας
854 2806 984 2848 πύλας
1011 2805 1136 2859 λέγει.
1197 2805 1362 2860 Nempe
1384 2803 1614 2860 AEschylus

143 2870 199 2913 ad
219 2880 361 2928 portas
379 2871 534 2926 Ὄγκας
559 2871 732 2915 Ἀθανᾶς
759 2871 865 2913 sistit
893 2871 1253 2928 Hippomedonta,
1282 2871 1355 2927 qui
1383 2871 1613 2913 secundum

144 2939 392 2996 Euripidem
428 2939 601 2994 Ὠγύγια
641 2942 696 2983 εἷς
730 2941 948 2991 πυλώματα
988 2939 1159 2994 ἔστειχε.
1220 2938 1314 2979 Vid.
1350 2940 1523 2980 Porson.
1558 2939 1613 2981 ad

145 3006 349 3049 Phoeniss.
373 3021 389 3048 1
403 3020 494 3063 150.
518 3006 757 3049 Brunckius
777 3006 876 3048 citat
893 3006 1168 3063 Epigramma
1190 3016 1322 3058 vetus,
1344 3005 1498 3060 Ὄγκας
1519 3007 1614 3052 ναὸς

849 3090 870 3115 Ζ
897 3087 919 3117 2
