1898 3256
339 210 424 250 228
472 211 703 252 ANNOT.
733 211 821 251 AD
854 211 1102 251 SEPTEM
1135 210 1460 251 ADVERSUS
1493 208 1754 250 THEBAS.

397 317 563 372 πίθοιτο]
583 319 754 359 πείθοιτο
773 317 892 358 codd.
912 317 1097 373 plerique
1117 326 1158 358 et
1178 316 1281 357 Ald.
1305 318 1442 357 Turn.

402 385 520 423 1066.
543 384 662 438 HM.]
683 384 908 439 Antigonae
928 384 1015 424 haec
1035 383 1179 425 tribuit
1200 383 1308 424 Rob.

399 449 537 503 δράτω]
559 451 601 490 δὲ
620 449 780 490 addidit
802 451 934 490 Turn.
967 467 1009 490 τε
1031 451 1245 491 Canterus.

398 533 433 556 τι
452 515 612 557 addidit
633 516 852 558 Elmsleius
871 517 922 557 ad
945 518 1048 557 Eur.
1071 517 1186 557 Med.
1211 529 1331 569 1224.

402 582 522 633 1067.
545 583 767 635 κλαίοντας]
797 581 1062 623 Scribendum
1087 581 1276 624 κλάοντας
1294 596 1387 622 cum
1410 582 1604 622 Porsono.

399 649 620 700 Πολυνείκη
643 650 706 690 Μ.
736 651 944 699 πολυνεικῆ
966 649 1015 689 Β.
1079 647 1215 702 Vulgo
1234 648 1491 698 Πολυνείκην.

402 714 521 754 1068.
551 713 638 767 μὲν]
665 716 740 765 γὰρ
760 714 823 754 Μ.
846 721 886 754 et
907 723 999 754 octo
1017 713 1083 754 alii
1104 727 1198 753 cum
1219 712 1318 753 Ald.
1341 714 1475 753 Turn.
1505 713 1578 763 μὲν
1598 714 1672 765 γὰρ
1690 704 1777 752 duo

342 794 435 820 cum
459 779 568 820 Rob.

399 845 670 899 συνθάψομεν]
691 846 942 897 ξυνθάψομεν
964 845 1198 886 Brunckius
1217 855 1340 886 recte.

403 913 692 965 1069—1071.
715 912 823 951 Haec
845 910 969 966 vulgo
987 910 1029 950 in
1049 911 1154 952 duos
1172 911 1366 952 dimetros
1385 911 1526 952 divisa.

407 988 524 1031 1070.
545 977 657 1032 ἄχος]
678 978 797 1031 ἄχθος
816 977 972 1033 aliquot
991 977 1108 1018 codd.
1131 988 1172 1018 et
1193 978 1299 1019 Rob.

399 1044 548 1098 ἄλλως]
572 1044 639 1084 οὐκ
660 1044 790 1086 ἄλλως
811 1043 921 1084 Rob.

404 1122 524 1163 1072.
548 1109 667 1165 HM.]
693 1109 758 1150 Sic
779 1109 887 1150 Rob.
907 1113 996 1151 XO.
1019 1109 1117 1150 Ald.
1141 1112 1273 1150 Turn.

404 1177 524 1230 1076.
553 1176 604 1227 μὴ
621 1175 890 1230 ’νατραπῆναι]
917 1176 1033 1217 Libri
1052 1175 1236 1231 plerique
1258 1176 1310 1228 μὴ
1330 1176 1608 1227 ἀνατραπῆναι.
1668 1175 1773 1216 Scri-

343 1242 522 1283 bendum
543 1243 851 1294 μάνατραπῆναι.

405 1319 524 1361 1077.
546 1308 798 1362 ἀλλοδαπῶν]
823 1309 1031 1363 ἀλλοδαπῷ
1051 1307 1207 1364 aliquot
1226 1306 1345 1349 codd.
1367 1306 1472 1348 inter
1490 1321 1593 1363 quos
1614 1307 1680 1348 Μ.
