1898 3256
355 217 412 255 24
831 216 1319 258 ANNOTATIONES

355 327 415 367 vis
444 335 516 374 est,
542 327 665 367 altera
695 328 747 367 ad
776 336 881 367 artes
909 327 1184 377 inveniendas,
1202 326 1328 367 altera
1356 326 1408 366 ad
1435 325 1600 366 fraudes
1628 326 1787 381 excogi-

355 393 512 441 tandas,
545 393 701 447 duplex
736 393 856 433 etiam
889 405 985 434 nata
1014 403 1075 434 est
1102 393 1334 433 fabularum
1366 392 1513 438 series;
1560 406 1655 441 una,
1690 408 1784 447 quae

357 459 603 499 Prometheo
621 459 740 514 igniS,
761 459 843 499 imo
862 459 1042 499 omnium
1063 459 1147 499 fere
1166 459 1313 499 artium
1335 458 1625 508 inventionem,
1645 458 1784 507 altera,

355 540 450 580 quae
479 524 514 564 ei
546 524 675 565 varias
703 525 881 575 fraudes,
911 525 1062 580 quibus
1085 526 1150 565 vel
1176 526 1325 566 Jovem
1354 524 1541 580 decipere
1568 539 1692 564 ausus
1721 524 1785 572 sit,

357 591 565 631 tribueret.
625 591 782 631 Eadem
814 607 876 632 res
908 592 1052 641 effecit,
1087 601 1132 632 ut
1160 591 1226 631 alii
1258 590 1549 631 Prometheum
1581 590 1786 630 hominem

355 673 440 698 esse
459 658 734 713 perhiberent,
747 658 814 697 alii
830 658 950 698 deum
973 668 1013 698 et
1033 656 1298 697 immortalem
1322 672 1406 697 esse
1424 657 1635 712 fingerent.
1667 657 1697 697 J
1700 671 1788 697 am-

356 739 438 778 que
457 724 691 779 patentibus
711 724 941 764 fabularum
964 724 1072 773 rivis,
1088 723 1154 764 alii
1171 733 1443 764 commentum
1461 723 1513 763 de
1528 723 1789 778 Epimetheo,

356 790 422 830 alii
452 790 503 830 de
532 791 662 845 poenis
693 791 927 831 Promethei
958 790 1021 830 vel
1051 789 1194 830 merita
1221 789 1262 829 in
1292 804 1422 844 genus
1457 790 1695 837 humanum,
1724 788 1787 828 vel

356 857 521 896 fraudes
540 857 581 896 in
602 858 631 897 J
635 872 750 897 ovem
782 859 942 905 secutis,
964 857 1158 910 figmenta
1184 855 1453 902 addiderunt;
1487 855 1568 905 alii,
1587 855 1659 910 qui
1681 856 1788 895 Her—

356 923 458 963 culis
486 923 664 964 facinora
693 923 882 963 omnibus
912 922 1041 963 modis
1069 937 1219 977 augere
1247 931 1372 976 atque
1401 936 1595 962 exornare
1624 920 1787 968 vellent,

357 1003 450 1028 eum
480 989 532 1028 ab
561 989 638 1029 hoc
669 989 789 1029 hero'e
820 988 1035 1029 liberatum
1070 1003 1155 1029 esse
1186 988 1452 1029 tradiderunt.
1515 989 1627 1028 Tum
1664 988 1788 1029 secuti

357 1064 452 1095 sunt
479 1053 669 1104 historici,
691 1054 762 1109 qui
792 1054 951 1095 fabulas
979 1053 1066 1094 illas
1095 1053 1148 1094 ad
1178 1069 1312 1094 rerum
1342 1063 1549 1108 gestarum
1578 1054 1788 1094 veritatem

357 1135 543 1160 revocare
581 1130 790 1175 cuperent.
864 1121 1077 1160 Postremo
1116 1119 1354 1160 recentiores
1393 1119 1624 1175 philosophi
1663 1134 1789 1161 novas

357 1187 452 1227 inde
481 1202 556 1242 pro
585 1187 750 1227 consilio
780 1202 854 1227 suo
882 1186 1107 1242 allegorias,
1130 1186 1364 1240 variamque
1392 1186 1444 1226 ad
1479 1195 1683 1241 praecepta
1717 1201 1790 1226 sua

356 1252 536 1293 fabulam
567 1252 899 1293 accommodandi
927 1252 1133 1293 materiam
1163 1252 1452 1307 quaesiverunt.
1512 1252 1649 1301 Quid?
1678 1253 1789 1307 quod

359 1328 493 1373 patres
531 1318 698 1373 quidam
738 1318 990 1359 ecclesiastici
1032 1318 1323 1358 Prometheum
1357 1332 1451 1358 cum
1486 1319 1588 1358 Jesu
1625 1318 1790 1359 Christo

356 1394 657 1439 compararunt.

415 1451 622 1491 Fraudem
653 1450 887 1491 Promethei
925 1450 966 1490 in
1001 1449 1183 1490 carnium
1221 1449 1505 1490 distributione
1538 1450 1790 1491 commissam

358 1517 476 1557 multi
507 1516 718 1571 scriptores
748 1526 983 1566 memorant,
1013 1515 1251 1571 praesertim,
1277 1515 1363 1571 qui,
1386 1516 1559 1557 Luciani
1589 1516 1788 1572 exemplo,

359 1582 517 1623 ridendi
546 1583 792 1623 occasionem
823 1592 1002 1637 captant.
1061 1582 1286 1637 AEschylus
1306 1597 1401 1622 vero
1429 1597 1517 1622 eam
1547 1597 1623 1637 pro
1647 1583 1792 1623 severi—

360 1659 442 1690 tate
462 1649 616 1689 consilii
636 1650 756 1704 plane
776 1648 922 1689 omisit.
983 1648 1140 1703 Aliquo
1159 1657 1293 1688 tamen
1314 1663 1406 1689 cum
1428 1648 1502 1688 hac
1522 1648 1662 1689 fabula
1681 1664 1790 1690 nexu

358 1716 622 1770 conjunctum
646 1731 731 1756 esse
750 1715 913 1755 videtur
938 1714 980 1754 id
1007 1716 1120 1768 quod
1140 1714 1365 1770 AEschylus
1393 1714 1491 1755 dicit
1519 1714 1559 1754 in
1591 1715 1793 1756 sacrificiis

360 1782 650 1823 Prometheum
681 1781 874 1837 reperisse
905 1782 1045 1835 κνίσσῃ
1080 1785 1185 1821 κῶλα
1217 1783 1483 1832 συγκαλυπτὰ,
1516 1781 1599 1821 sive
1631 1796 1681 1821 ex
1717 1782 1793 1822 hoc

359 1847 539 1888 sacrificii
569 1847 651 1888 ritu
678 1846 893 1886 ridiculum
920 1844 1022 1885 illud
1052 1853 1327 1884 commentum
1357 1844 1534 1899 primum
1563 1855 1697 1885 ortum
1729 1845 1792 1893 sit,

359 1915 444 1954 sive
465 1913 688 1968 AEschylus
717 1913 866 1967 aliique
896 1912 936 1951 in
966 1911 1055 1966 ejus
1083 1910 1217 1951 locum
1247 1911 1324 1951 hoc
1354 1910 1651 1960 substituerint,
1680 1912 1793 1966 quod

362 1979 608 2020 Prometheo
631 1978 833 2019 inventori
865 1977 986 2017 ritum
1012 1977 1053 2017 in
1086 1976 1286 2017 sacrificiis
1311 1991 1401 2016 ossa
1431 1986 1471 2017 et
1502 1991 1641 2017 carnes
1673 1977 1794 2033 adipe

359 2044 600 2100 contegendi
641 2044 878 2085 tribuerent.
947 2043 1065 2083 Prior
1103 2053 1238 2083 autem
1280 2042 1382 2082 ratio
1421 2042 1672 2083 verisimilior
1716 2053 1791 2092 est,

360 2110 582 2166 praesertim
615 2109 643 2149 si
675 2119 933 2164 comparetur
962 2123 1054 2149 cum
1083 2108 1244 2163 Hygini
1274 2108 1514 2158 narratione,
1537 2123 1659 2163 quam
1690 2108 1791 2149 inte-

360 2192 474 2232 gram
495 2175 655 2216 lectoris
674 2175 802 2216 oculis
823 2174 1092 2230 subjicimusss.

404 2335 418 2353 s
444 2329 530 2358 Poet.
553 2334 670 2358 astron.
690 2336 718 2365 2,
736 2337 747 2357 t
754 2336 782 2366 5.
811 2328 956 2365 Antiqui,
983 2337 1052 2357 cum
1077 2328 1213 2357 maxima
1236 2327 1406 2358 ceremonia
1430 2327 1555 2357 deorum
1578 2327 1794 2357 immortalium

360 2381 513 2418 sacrzflcia
527 2381 797 2415 administrabant,
812 2380 893 2410 soliti
907 2384 982 2410 sunt
996 2384 1074 2410 totas
1091 2380 1206 2410 hostias
1226 2380 1262 2409 in
1283 2389 1441 2410 sacrorum
1462 2389 1639 2409 consumere
1651 2380 1796 2418 flamma.

361 2434 474 2472 Itaque
488 2443 557 2462 cum
569 2437 697 2472 propter
711 2437 831 2463 sumtus
847 2433 1090 2470 maynitudinem
1104 2432 1258 2471 sacrificia
1276 2433 1470 2471 pauperibus
1491 2442 1554 2462 non
1574 2433 1795 2470 contin-cerem,

363 2486 567 2515 Prometheus
587 2486 640 2525 qui
659 2489 788 2524 propter
800 2485 1012 2515 etz-cellentiam
1027 2485 1145 2523 inyem'i
1161 2485 1272 2514 miram
1291 2484 1428 2515 homines
1441 2484 1576 2523 finxisse
1593 2485 1797 2522 existimatur,

362 2538 553 2568 recusatione
575 2538 688 2568 dicitur
709 2538 748 2567 ab
771 2538 850 2567 Jove
871 2538 1062 2576 impetrasse,
1086 2541 1122 2566 ut
1141 2541 1264 2575 partem
1287 2537 1391 2567 hostioe
1417 2538 1451 2567 in
1474 2538 1576 2576 iynem
1599 2537 1798 2577 projicerent,

360 2596 484 2629 partem
509 2592 545 2621 in
568 2601 623 2621 suo
647 2595 860 2621 consumerent
881 2600 952 2620 usu.
995 2591 1108 2628 Itaque
1125 2594 1232 2628 postea
1253 2590 1440 2620 consuetudo
1452 2589 1607 2628 firmavit,
1629 2590 1711 2630 quod
1729 2599 1799 2619 eum

354 2644 454 2680 facile
468 2654 488 2673 a
502 2645 566 2681 deo,
582 2653 646 2673 non
660 2648 696 2673 ut
709 2643 748 2673 ab
762 2643 883 2673 homine
897 2653 1003 2681 avaro,
1018 2643 1220 2682 impetrasset,
1236 2643 1303 2682 ipse
1318 2643 1522 2674 Prometheus
1541 2643 1676 2673 immolat
1693 2646 1800 2673 tauros

362 2697 448 2733 duos,
464 2706 595 2735 quorum
610 2697 749 2735 primum
764 2697 905 2735 jecinora
924 2706 994 2726 eum
1012 2696 1048 2725 in
1062 2706 1121 2725 ara
1133 2697 1295 2735 posuisset,
1310 2696 1463 2736 reliquam
1477 2705 1602 2726 carnem
1616 2705 1656 2726 εκ
1669 2699 1799 2733 utroque

364 2752 454 2778 tauro
468 2749 502 2777 in
517 2758 615 2778 unum
631 2749 834 2788 compositam,
850 2749 930 2779 corio
946 2749 1058 2779 bubulo
1072 2749 1156 2779 tea-it.
1203 2750 1283 2779 Ossa
1297 2753 1410 2786 autem,
1426 2759 1496 2788 quoe
1515 2749 1630 2779 circum
1647 2748 1799 2785 suerunt,

364 2801 495 2839 reliqua,
514 2801 595 2839 pelle
614 2805 758 2840 contecta,
775 2802 811 2831 in
825 2802 922 2832 medio
939 2802 1103 2839 collocavit,
1123 2805 1153 2832 et
1166 2802 1241 2831 Jovi
1257 2802 1337 2840 fecit
1349 2806 1536 2840 potestatem,
1554 2805 1590 2831 ut
1604 2810 1697 2839 quam
1711 2801 1801 2830 vellet

364 2862 469 2882 eorum
481 2857 614 2883 sumeret
624 2857 756 2892 partem.
789 2855 920 2892 Jupiter
934 2858 1050 2890 autem,
1063 2854 1119 2884 etsi
1134 2864 1195 2884 non
1207 2863 1267 2893 pro
1281 2855 1389 2884 divina
1396 2854 1476 2892 fecit
1490 2853 1679 2892 coyitaeiaeme,
1694 2862 1751 2883 uec
1765 2856 1801 2882 ut

364 2906 455 2936 deum
475 2906 606 2944 decebat,
622 2907 725 2936 omnia
745 2907 798 2945 qui
821 2907 924 2936 debuit
946 2911 1017 2936 ante
1035 2906 1210 2945 providere,
1224 2907 1279 2937 sed
1291 2905 1451 2947 (quoniam
1470 2906 1592 2937 credere
1609 2905 1801 2936 instituimus
