1898 3256
352 196 434 234 250
823 196 1315 237 ANNOTATIONES

351 303 418 344 cit.
468 304 616 359 Eurip.
650 305 852 347 Phoeniss.
878 319 971 361 131.
999 307 1082 347 Τὸν
1111 307 1143 347 δ’
1165 305 1404 357 ἐξαμείβοντ’
1426 306 1499 359 οὐχ
1528 307 1622 359 ὁρᾷς
1642 306 1783 358 Δίρκης

349 370 448 423 ὕδωρ
463 388 473 418 ;
508 371 732 412 BLOMF.
791 373 944 413 Versus
962 372 1029 414 hic
1049 372 1104 413 sic
1124 380 1184 414 est
1204 371 1433 412 metiendus

411 515 502 558 134.
533 504 765 558 πίμπλαται]
791 438 1041 556 πίμπλανταιΙ
1058 505 1154 546 edd.
1174 516 1268 546 ante
1290 504 1546 546 Brunckium
1566 512 1606 545 et
1625 504 1782 560 aliquot

350 569 519 610 codices.

408 649 427 676 1
433 650 457 690 3
461 646 502 690 5.
525 637 669 678 ἑκάστα
690 639 870 678 Α.Β.Μ.
891 638 1051 693 aliique.
1084 638 1226 689 ἑκάστη
1246 636 1382 692 vulgo.

409 704 503 757 136.
528 703 743 756 αἰχμάεντα
762 705 871 745 A.B.
896 704 1036 746 Guelf.
1081 704 1294 758 αἰχμήεντα
1315 705 1378 745 Μ.
1400 713 1447 744 ut
1466 703 1604 759 vulgo.
1645 704 1783 758 αἰχμῆς

348 768 492 810 τάεντα
512 769 683 810 Barooc.
703 769 804 810 Ald.

409 846 500 889 137.
532 836 720 888 εὐνατῆρα
752 837 1085 904 προπεμψρμένα]
1117 838 1182 879 Sic
1213 837 1408 879 Cantabr.
1431 837 1588 894 primus
1617 846 1657 878 et
1689 836 1780 892 (qui

349 915 542 969 εὐνατῆρ’)
566 917 674 957 Rob.
711 917 901 969 εὐνατῆρα
919 905 1236 971 τῗρῧπεμψαμένα
1255 921 1310 960 Α.
1353 918 1523 972 εὔνατῆρ’
1545 921 1780 972 ἀποπεμψα-

346 983 447 1034 μένα
468 987 562 1036 (-νη
583 984 667 1034 Μ.)
689 982 847 1023 codices
866 983 1009 1038 reliqui
1031 994 1072 1025 et
1091 984 1190 1026 Ald.
1213 987 1348 1027 Turn.

407 1062 502 1101 140.
522 1051 612 1104 ἄγε]
638 1050 755 1090 Libri
775 1050 931 1106 aliquot
951 1051 1080 1103 ἄγετε,
1099 1052 1163 1092 vel
1183 1052 1287 1106 ἄγετ’
1309 1054 1354 1104 ὦ,
1374 1051 1486 1108 quod
1506 1061 1566 1093 est
1585 1051 1626 1092 in
1648 1050 1759 1092 Rob.

407 1130 499 1171 143.
520 1116 723 1171 προσήκει]
742 1119 931 1169 προσήκοι
950 1117 1035 1158 duo
1055 1117 1175 1158 codd.

407 1186 498 1236 146.
529 1184 814 1237 πατρωνύμιον]
850 1183 1084 1233 Scholiasta,
1115 1184 1158 1225 τὸ
1191 1186 1459 1237 πατρωνύμιον
1487 1184 1613 1238 γένος,
1645 1185 1729 1236 ἤτοι
1758 1186 1779 1226 ὃ

349 1252 444 1291 κατὰ
464 1249 613 1302 πατέρα
633 1250 827 1303 συγγενὴς
854 1252 959 1302 ἡμῖν,
984 1250 1083 1292 τοῦτ’
1107 1252 1215 1292 ἔστιν
1241 1253 1262 1291 ὁ
1293 1253 1335 1291 ἐκ
1363 1253 1557 1304 προγόνου
1587 1250 1779 1303 ἰθαγενής.

349 1318 455 1357 Cum
478 1317 609 1358 forma
628 1317 817 1372 adjectivi
844 1317 1116 1373 comparanda
1135 1326 1229 1358 sunt
1249 1318 1471 1372 composita
1500 1319 1713 1369 ἐπωνύμως
1740 1326 1782 1357 et

346 1385 602 1436 παρωνύμως.

403 1449 610 1505 ἁμέτερον]
636 1450 904 1491 Scribendum
925 1451 1111 1503 ἡμέτερον
1130 1465 1222 1491 cum
1245 1449 1498 1490 Blomfieldo.

408 1526 498 1568 147.
519 1517 632 1568 ῥῦμα,
653 1522 821 1566 tractus,
844 1519 973 1566 ὁλκός,
996 1517 1179 1572 Hesych.
1200 1533 1284 1572 quo
1303 1532 1422 1557 sensu
1442 1517 1572 1558 rarius
1591 1517 1779 1558 occurrit.

347 1584 511 1623 Auctor
532 1583 663 1623 nescio
683 1583 775 1639 quis
803 1599 869 1639 ap.
894 1584 1011 1624 Suid.
1031 1584 1071 1624 in
1093 1599 1190 1625 voce
1221 1586 1261 1626 ἐς
1289 1586 1400 1634 τόξου
1419 1586 1520 1636 ῥῦμα
1547 1584 1782 1636 περιέπλεον

347 1653 428 1691 τοῖς
441 1648 644 1700 Ῥωμαίοις
664 1652 702 1690 οἱ
719 1650 930 1703 βάρβαροι,
951 1649 1068 1691 πόλλ’
1089 1649 1169 1702 ἅμα
1196 1649 1299 1702 βέλη
1323 1649 1514 1703 ἀφιέντες.
1565 1650 1782 1705 Eunapius

346 1716 446 1757 ibid.
467 1717 590 1769 πέτρα
609 1718 651 1758 δέ
672 1734 727 1760 τις
747 1717 1030 1768 ἀπεσπασμένη
1051 1718 1090 1760 ἐς
1108 1718 1219 1767 τόξου
1238 1719 1349 1769 ῥῦμα.
1390 1715 1540 1756 Pollux
1566 1730 1602 1767 1,
1625 1718 1716 1767 164.
1738 1717 1782 1756 ἐκ

347 1784 460 1833 τόξου
488 1785 654 1835 ῥύματος
679 1784 727 1834 ἦν
757 1784 781 1834 ἡ
806 1783 926 1837 μάχη.
977 1783 1174 1839 Xenoph.
1202 1783 1341 1824 Anah.
1373 1795 1413 1837 3,
1438 1795 1480 1837 3,
1510 1792 1572 1837 15.
1601 1784 1643 1823 ἐκ
1668 1783 1781 1832 τόξου

346 1850 523 1901 ῥύματος.
555 1850 783 1890 BLOMF.

409 1917 499 1966 148.
522 1915 754 1968 δορυκράνου
773 1931 798 1956 a
818 1915 1017 1956 Turnebo
1032 1914 1205 1956 illatum.
1242 1916 1372 1956 Recte
1391 1914 1545 1970 priores
1564 1915 1660 1957 edd.
1681 1918 1781 1968 δορι-

350 1981 504 2034 κράνου.

409 2058 498 2101 151.
522 2047 639 2102 φάος]
660 2052 742 2100 φῶς
762 2049 932 2088 Baroco.
951 2056 992 2088 et
1012 2048 1096 2088 duo
1115 2048 1182 2088 alii
1202 2063 1294 2089 cum
1317 2047 1418 2088 Ald.

408 2124 502 2167 152.
540 2117 763 2166 προσπίτνω
797 2115 861 2155 Μ.
906 2119 1128 2166 προσπιτνῶ
1162 2114 1302 2169 vulgo.
1352 2119 1379 2138 ‘⁶
1397 2111 1639 2167 Legendum
1675 2121 1779 2167 puto

348 2181 572 2232 προπίτνειν
592 2179 621 2220 δ’
643 2181 749 2230 ἡμᾶς.
797 2181 913 2220 Infra
931 2194 1026 2234 594.
1049 2181 1139 2221 Ofir’
1159 2182 1213 2222 εἷς
1229 2184 1305 2232 γᾶν
1323 2180 1596 2232 προπίτνοντες
1609 2177 1777 2230 Ἀρξον-

348 2263 423 2287 ται.
456 2246 548 2286 Vid.
570 2246 810 2287 Elmsleium
832 2248 884 2288 ad
905 2247 1054 2302 Eurip.
1077 2245 1245 2287 Heracl.
1267 2246 1362 2286 618.
1407 2245 1562 2284 Forsan
1584 2258 1679 2283 vero
1698 2259 1777 2284 vox

348 2327 515 2368 prorsus
551 2313 748 2367 ejicienda
782 2313 845 2363 sit,
878 2324 923 2354 ut
959 2328 1096 2354 versus
1133 2313 1205 2353 fiat
1242 2313 1348 2353 basis
1381 2310 1647 2366 anapaestica3
1680 2321 1779 2352 tunc

349 2389 483 2421 autem
520 2379 709 2435 legerem,
744 2382 1095 2433 Προσφθόγγοισιν
1126 2381 1168 2419 δὲ
1201 2380 1328 2432 χρεὼν
1366 2377 1522 2428 αὖτήν.”
1551 2378 1778 2419 BLOMF.

350 2446 459 2486 Mihi
489 2446 657 2486 sublatis
686 2446 842 2486 lacunae
869 2445 1160 2501 supplementis
1179 2461 1204 2485 a
1222 2444 1487 2500 grammatico
1505 2443 1641 2498 aliquo
1659 2443 1780 2486 illatis

350 2513 607 2554 scribendum
630 2513 792 2553 videtur

686 2579 875 2629 βασίλεια
895 2577 925 2618 δ’
949 2578 1019 2629 ε’μὴ
1037 2591 1094 2619 UD
1112 2583 1142 2613 -‘-
1157 2590 1215 2619 OE
1235 2603 1265 2609 -

687 2652 741 2680 δῦ
760 2641 789 2670 -ί
809 2654 863 2683 OE
882 2667 911 2672 -
931 2645 992 2683 καὶ
1011 2646 1305 2697 προσφθόγγοις

686 2706 834 2749 πάντας
852 2709 1006 2759 μύθοισι
1026 2714 1264 2762 προσαυδᾶν.

404 2772 644 2827 προσπίτνω]
667 2774 800 2813 Moris
819 2784 906 2814 erat
923 2775 1034 2830 apud
1058 2778 1200 2816 Persas
1220 2785 1268 2816 ut
1291 2790 1427 2830 regem
1448 2775 1644 2815 adeuntes
1664 2775 1781 2830 proni

349 2840 578 2891 adorarent,
611 2839 847 2894 priusquam
882 2840 923 2880 in
957 2856 1218 2897 congressum
1253 2841 1554 2897 colloquiumve
1583 2841 1782 2883 venirent.

350 2908 390 2947 T
394 2907 611 2948 ithraustes
649 2907 761 2962 apud
795 2904 1023 2958 AElianum,
1054 2909 1150 2949 Var.
1185 2907 1298 2949 Hist.
1332 2921 1369 2957 1,
1404 2920 1472 2949 21.
1507 2908 1640 2958 Νόμος
1674 2907 1800 2951 ἐστὶν.
