1898 3256
355 225 445 266 AD
477 225 733 268 SEPTEM
765 225 1098 268 ADVERSUS
1129 226 1401 268 THEBAS.
1526 226 1612 270 127

147 337 340 393 Sophocl.
362 338 466 381 OEd.
493 340 584 381 Col.
611 349 734 395 1375.
763 347 961 395 quartum
995 337 1135 389 habet,
1165 337 1239 394 qui
1269 353 1366 380 eum
1398 338 1610 395 compilat,

146 404 358 446 Zenobius
376 420 419 461 5,
440 419 509 461 43.
533 405 783 463 Apollonius
806 407 931 463 Dysc.
954 405 1007 447 de
1028 420 1213 462 pronom.
1236 420 1276 462 p.
1294 415 1379 460 379
1397 406 1446 447 C.
1468 404 1612 446 laudat

146 471 342 514 Corinnae
365 471 481 515 ‘'Em’
513 474 578 516 ἐπὶ
607 473 778 526 Θήβαις,
801 489 947 516 verum
977 472 1022 515 id
1051 472 1226 514 fortasse
1262 471 1498 514 Boeoticum
1534 487 1612 529 pro

146 538 302 591 Θήβας.
337 541 569 582 BLOMF.
631 541 781 598 Lysias
810 541 1013 598 Epitaph.
1034 556 1075 598 p.
1103 554 1198 596 191,
1219 543 1289 583 26.
1322 542 1411 594 περὶ
1439 542 1514 592 μὲν
1541 542 1613 583 οὖν

143 607 232 651 τοὺς
251 609 523 652 ἀποθανόντας
552 613 630 651 τῶν
661 611 760 652 ἑπτὰ
790 610 854 652 ἐπὶ
875 609 1020 662 Θήβας
1049 611 1218 650 τοιοῦτοι
1246 609 1481 662 γεγόνασιν.
1526 610 1613 650 De-

144 675 293 717 mosth.
314 676 515 733 Epitaph.
547 691 588 733 p.
617 690 736 732 1391,
762 690 826 733 13.
857 678 923 719 ὅτε
951 677 1041 721 τοὺς
1065 678 1165 719 ἑπτὰ
1196 677 1260 718 ἐπὶ
1282 676 1428 729 Θήβας
1446 676 1612 718 θάπτειν

144 745 292 786 ἐκώλυε
313 744 462 798 Κρέων.
522 744 733 797 Ἐτεοκλῆς
753 745 841 787 haec
862 745 1006 787 fabula
1025 744 1266 787 inscribitur
1285 745 1327 786 in
1348 744 1490 786 codice
1511 745 1611 785 Ma-

144 810 303 853 tritensi
331 811 445 866 apud
480 812 692 854 Iri-artium
721 827 761 869 p.
791 813 883 855 162.
937 812 1004 854 Sic
1036 811 1295 869 Polydorum
1325 824 1366 854 et
1397 812 1610 854 Electram

143 893 219 934 pro
241 879 420 920 Hecuba
439 889 478 920 et
498 881 645 921 Oreste
666 879 883 937 Euripidis
906 880 1122 922 nominant
1140 881 1387 923 recentiores
1405 896 1612 938 gramma-

143 946 234 988 tici:
269 961 306 986 v.
328 946 380 988 ad
402 947 528 988 schol.
554 947 774 1004 Aristoph.
799 948 911 990 Plut.
935 950 1032 1004 639.
1054 957 1096 990 et
1117 949 1250 991 Dobr.
1273 949 1326 990 ad
1351 949 1474 990 schol.
1499 950 1610 992 Ran.

141 1027 240 1070 305·

200 1087 228 1106 “
246 1083 495 1139 AEschylum
527 1083 699 1135 ducum,
719 1083 793 1140 qui
822 1084 876 1125 ad
906 1083 1077 1126 Thebas
1106 1084 1360 1135 ceciderunt,
1386 1098 1609 1126 numerum

141 1150 193 1191 ad
226 1161 383 1206 septem
413 1151 633 1208 redegisse,
655 1167 750 1193 cum
778 1151 918 1208 plures
946 1151 1116 1203 fuerint,
1148 1152 1274 1194 tradit
1305 1151 1537 1194 Pausanias
1567 1164 1608 1203 2,

144 1229 212 1268 20,
242 1229 282 1273 5.
319 1219 493 1263 Τούτους
523 1219 612 1263 τοὺς
645 1220 791 1272 ἄνδρας
825 1220 866 1263 ἐς
900 1221 1026 1272 μόνον
1060 1221 1160 1261 ἑπτὰ
1189 1220 1356 1273 ἀριθμὸν
1386 1220 1610 1274 κατήγαγεν

142 1287 357 1340 Αἰσχύλος,
389 1288 586 1329 πλειόνων
616 1287 660 1328 ἔκ
690 1304 733 1330 τε
755 1285 930 1341 Ἀργους
958 1288 1165 1341 ἡγεμόνων
1198 1289 1261 1330 καὶ
1292 1289 1512 1339 Μεσσήνης
1545 1290 1613 1330 καί

141 1370 262 1398 τινωιν,ι
276 1353 479 1407 Ἀρκάδων
499 1355 920 1409 συστρατευσαμένων.
950 1357 1099 1398 τούτων
1129 1357 1173 1398 δὲ
1201 1360 1280 1397 τῶν
1311 1357 1410 1398 ἑπτὰ
1439 1356 1603 1409 (ἐπηκο-

140 1421 359 1474 λουθήκασι
377 1425 454 1476 γὰρ
474 1424 538 1468 καὶ
555 1422 731 1477 Ἀργεῖοι
760 1424 807 1480 τῇ
830 1425 1038 1478 Αἰσχύλου
1063 1422 1241 1475 ποιήσει)
1263 1423 1439 1474 πλησίον
1459 1427 1608 1466 κεῖνται

142 1490 206 1535 καὶ
222 1491 260 1530 οἱ
279 1492 348 1534 τὰς
370 1490 514 1543 Θήβας
535 1492 697 1535 ἑλόντες
717 1501 793 1532 ete.
841 1491 965 1542 Quod
987 1492 1019 1532 si
1039 1491 1098 1533 ita
1116 1490 1258 1541 fuerit,
1281 1498 1391 1532 recte
1410 1490 1519 1532 inter
1537 1491 1610 1532 fri-

140 1556 374 1613 gidiuscula
404 1569 584 1601 recenset
609 1558 773 1600 Gellius
802 1571 845 1614 3,
873 1572 938 1609 ιο,
962 1573 1058 1615 quae
1089 1558 1142 1599 de
1172 1573 1346 1600 numero
1377 1558 1609 1614 septenario

141 1635 398 1681 congesserat
421 1627 568 1675 Varro,
599 1641 652 1668 sc.
683 1627 740 1667 ad
768 1627 1080 1683 oppugmandas
1108 1627 1272 1668 Thebas
1303 1629 1426 1668 duces
1454 1634 1607 1685 septem

142 1693 310 1734 delectos
339 1707 436 1735 esse.
490 1695 763 1750 Cougesserat
794 1703 935 1737 autem
958 1695 1100 1745 Varro,
1125 1705 1172 1735 ut
1188 1694 1350 1751 opinor,
1373 1710 1424 1736 ex
1448 1695 1609 1737 Graecis

143 1760 426 1816 scriptoribus.
461 1763 528 1802 Ita
546 1761 653 1803 enim
678 1761 923 1803 Aristoteles
946 1761 1138 1818 Metaph.
1165 1775 1231 1817 13,
1254 1764 1293 1804 6.
1325 1763 1525 1814 Quinimo
1555 1778 1608 1804 an

145 1843 287 1869 verum
311 1828 378 1879 sit,
398 1829 511 1885 quod
534 1829 673 1885 prodit
695 1830 937 1880 Pausanias,
955 1829 1129 1871 dubito:
1165 1829 1375 1872 Pindarus
1387 1830 1514 1882 enim,
1534 1831 1609 1887 qui

145 1895 348 1951 AEschylo
368 1904 617 1947 coaetancus,
638 1906 792 1954 septem
825 1912 948 1953 rogos
975 1897 1130 1939 ducum
1154 1907 1355 1940 memorat
1372 1898 1544 1955 Olymp.
1567 1900 1609 1951 6,

149 1974 241 2018 23st
276 1964 375 2007 ἑπτὰ
394 1962 424 2004 δ’
448 1963 584 2006 ἔπειτα
602 1966 729 2016 πυρᾶν
749 1966 897 2016 νεκρῶν
912 1963 1184 2005 τελεσθέντων
1197 1989 1256 1994 -—
1269 1964 1350 1994 —''
1382 1965 1608 2005 STANL.

146 2029 283 2070 Recte,
293 2039 433 2070 monet
449 2029 675 2071 Pausanias
694 2028 828 2070 multo
842 2028 984 2085 plures
999 2044 1124 2085 quam
1150 2038 1305 2085 septem
1324 2030 1451 2071 duces
1466 2030 1608 2082 fuisse,

144 2096 215 2138 sed
235 2112 318 2138 non
341 2097 504 2138 videtur
523 2097 858 2140 animadvertisse
879 2097 1130 2154 AEschylum
1152 2096 1205 2138 de
1225 2106 1383 2154 septem
1404 2097 1609 2154 primariis

143 2174 302 2206 tantum
326 2165 504 2207 ducibus
521 2180 657 2222 agere,
678 2166 750 2222 qui
773 2166 943 2207 totidem
967 2165 1082 2208 urbis
1103 2175 1243 2222 portas
1264 2175 1463 2208 tenerent.

199 2462 236 2489 1.
262 2451 358 2490 Hoc
377 2465 498 2492 versu
522 2450 655 2491 utitur
676 2449 884 2491 Aristides
904 2448 984 2490 vol.
1008 2463 1044 2490 1.
1068 2464 1110 2505 p.
1133 2462 1233 2503 342,
1259 2460 1326 2503 17.

201 2529 239 2557 2.
264 2518 308 2557 ἐν
327 2518 480 2572 πρύμνῃ
501 2517 671 2571 πόλεως]
698 2517 821 2558 Plato
842 2516 1106 2573 Euthydem.
1128 2531 1173 2573 p.
1193 2528 1272 2571 291
1298 2517 1353 2557 D.
1377 2521 1517 2570 σαφῶς
1537 2517 1608 2558 οὖν

142 2585 269 2625 ε’ὃόκει
286 2585 379 2636 ἡμῖν
399 2585 494 2635 αὕτη
516 2584 616 2626 εἶναι
635 2584 683 2635 ἢν
702 2588 903 2636 ζητοῦμεν,
927 2584 991 2626 καὶ
1008 2585 1032 2636 ἡ
1053 2585 1158 2626 αἰτία
1179 2587 1249 2625 τοῦ
1269 2586 1394 2637 ὀρθῶς
1420 2584 1609 2637 πράττειν

144 2653 187 2693 ἐν
215 2654 261 2708 τῇ
291 2652 421 2702 πόλει,
445 2652 507 2693 καὶ
529 2652 703 2706 ἀτεχνῶς
734 2654 831 2693 κατὰ
857 2652 902 2693 τὸ
925 2653 1131 2706 Αἰσχύλου
1151 2654 1336 2704 ἰαμβεῖον
1360 2652 1462 2703 μόνη
1491 2653 1536 2692 ἐν
1562 2654 1608 2708 τῇ

144 2720 296 2775 πρύμνῃ
327 2722 519 2771 καθῆσθαι
548 2722 614 2771 τῆς
644 2722 812 2771 πόλεως,
832 2720 962 2761 πάντα
994 2723 1239 2773 κυβερνῶσα,
1264 2720 1326 2760 καὶ
1356 2719 1516 2760 πάντων
1542 2720 1610 2772 ἄρ-

142 2804 286 2841 χουσα,
308 2788 371 2828 καὶ
390 2787 521 2828 πάντα
539 2787 714 2841 χρήσιμα
733 2791 876 2829 ποιεῖν.
908 2788 976 2828 De
996 2786 1073 2827 hac
1094 2786 1338 2842 metaphora
1359 2802 1398 2827 v.
1421 2786 1606 2828 Lobeck.

139 2855 193 2896 ad
226 2854 355 2911 Soph.
388 2855 510 2910 Ajac.
535 2865 660 2909 1072.
686 2856 830 2910 (1083.
864 2854 932 2896 ed.
965 2856 1062 2906 sec.)
1094 2854 1278 2895 Demetr.
1310 2853 1362 2894 de
1393 2852 1512 2894 Eloc.
1539 2854 1608 2907 78.

138 2922 355 2975 Ἀσφαλῶς
385 2923 455 2964 οὗν
487 2924 570 2976 ἐρεῖ
599 2923 662 2964 καὶ
697 2925 718 2964 ὁ
750 2922 821 2963 τὸν
849 2923 1074 2975 στρατηγὸν
1111 2921 1353 2975 κυβερνήτην
1382 2919 1516 2973 λέγων
1541 2923 1608 2972 τῆς

139 2992 305 3039 πόλεως,
331 2993 393 3033 καὶ
414 2990 614 3033 ἀνάπαλιν
635 2993 656 3031 ὁ
677 2991 747 3032 τὸν
770 2990 1010 3043 κυβερνήτην
1038 2991 1212 3043 ἄρχοντα
1242 2992 1308 3041 τῆς
1338 2989 1440 3039 νηός.
1493 2989 1606 3039 Quo-
