1898 3256
675 234 764 277 AD
794 232 1052 276 PERSAS.
1519 228 1604 272 237

195 364 263 395 22.
296 349 554 405 Μεγαβάζης]
586 347 829 401 Μεταβάτης
859 348 923 389 M.
952 345 1059 388 Ald.
1108 344 1356 399 Μεγαβάτης
1385 344 1440 384 Ν.
1464 342 1602 384 Viteb.

140 420 277 463 Ceteri
299 417 552 473 Μεγαβάζης.
613 418 731 459 Inter
755 416 1015 459 nauticarum
1047 413 1261 471 copiarum
1291 411 1513 470 praefectos
1541 426 1604 453 re-

138 498 329 532 censetur
349 486 593 541 Μεγάβαζος
619 488 642 532 ὁ
669 484 936 540 Μεγαβατέω,
959 482 1168 526 Herodot.
1191 492 1230 535 7.
1251 491 1321 536 97.
1342 480 1458 536 quod
1487 489 1605 521 nota-

140 557 200 599 vit
236 556 454 599 Stanleius.
501 555 598 597 Vid.
631 554 739 596 infra
765 555 863 609 983.
895 551 1129 595 BLOMF.
1191 550 1276 600 Qui
1310 559 1420 590 recte
1451 548 1607 605 recepit

142 623 399 679 Μεγαβάτης.
459 625 609 681 Neque
628 624 791 665 obstare
806 622 973 664 videtur
993 619 1163 677 syllabae
1184 618 1318 660 tertiae
1339 632 1548 659 mensura.

198 691 441 748 Ἀστάσπης]
478 693 552 734 An
581 691 691 733 idem
723 690 797 748 qui
829 688 1049 732 Herodoto
1083 699 1124 742 7,
1151 689 1220 741 64.
1249 685 1495 738 Ὑστάσπης,
1517 685 1608 727 dux

143 760 404 802 Banu-iorum
437 770 479 802 et
513 762 743 802 Sacarum?
791 759 1012 800 STANL.
1075 756 1213 799 Codd.
1243 755 1403 812 aliquot
1433 765 1474 796 et
1504 753 1609 795 Ald.

146 829 256 871 Rob.
285 827 488 880 Ἀστάπης
510 828 609 871 vitio
638 827 868 870 manifesto.
918 826 1178 869 Vocabulum
1201 840 1296 883 asp,
1317 824 1433 880 quod
1461 823 1503 865 in
1531 823 1610 864 hoc

145 897 318 954 aliisque
344 896 581 938 nominibus
610 895 787 938 Persicis
816 894 1064 946 continetur,
1086 909 1242 951 equum
1270 893 1312 934 in
1342 893 1488 950 lingua
1510 894 1611 934 Per-

146 981 282 1008 sarum
303 965 533 1022 significare
553 974 726 1006 constat.

207 1047 272 1086 24.
293 1036 469 1086 βασιλῆς
484 1033 688 1085 βασιλέως
706 1032 866 1088 ὕποχοι]
898 1032 1118 1073 Persarum
1150 1029 1441 1086 imperatorem
1473 1028 1616 1086 plures

148 1117 264 1158 reges
294 1100 372 1143 sibi
392 1100 580 1142 subditos
600 1100 792 1142 habuisse
822 1114 944 1142 nemo
959 1097 1088 1140 nescit
1106 1097 1286 1155 ideoque
1307 1099 1474 1140 titulum
1496 1100 1615 1156 regis

147 1184 299 1227 ‘regum
330 1169 405 1210 sibi
427 1168 688 1217 vindicabat;
720 1169 779 1211 ita
804 1168 846 1210 in
873 1167 1139 1224 inscriptione
1169 1167 1429 1209 monumenti
1451 1168 1614 1224 Cyrum

146 1237 401 1296 appellatum
422 1245 598 1279 testatur
619 1237 769 1279 Strabo
794 1250 858 1293 15.
877 1252 919 1293 p.
943 1248 1040 1292 730.
1061 1251 1113 1276 ex
1134 1235 1378 1287 Onesicrito,

319 1303 476 1347 Ἐνθάδ’
499 1306 578 1359 ἐγὼ
598 1310 727 1357 κεῖμαι
748 1309 876 1359 Κῦρος
893 1305 1090 1357 βασιλεὺς
1109 1304 1336 1357 βασιλήων.

148 1376 217 1417 Ita
236 1390 280 1416 se
299 1373 484 1415 nominat
504 1376 762 1416 Artaxerxes
783 1373 826 1415 in
845 1373 1020 1431 epistola
1040 1374 1094 1415 ad
1116 1373 1315 1423 Esdram,
1338 1372 1489 1414 Esdrae
1515 1386 1551 1422 1,
1577 1382 1616 1426 7.

152 1444 317 1486 STAN
322 1444 376 1486 L.

209 1511 405 1566 βασιλῆς]
427 1515 616 1563 βασιλεῖς
635 1509 794 1567 aliquot
814 1510 936 1552 codd.
958 1519 1000 1552 et
1022 1509 1124 1552 Ald.
1146 1510 1260 1551 Rob.

214 1580 281 1622 28.
314 1580 523 1632 εὐτλήμονι
543 1580 727 1621 Α.Β.Μ.
749 1578 913 1635 aliique.
951 1579 996 1620 ἐν
1016 1578 1184 1630 τλήμονι
1204 1578 1310 1619 Ald.
1334 1578 1470 1618 Turn.
1503 1578 1623 1629 ἀτλη-

156 1665 247 1700 μονι
267 1647 380 1689 Rob.

217 1727 283 1771 29.
314 1713 586 1768 Ἀρτεμβάρης
612 1715 887 1772 penultimam
914 1714 1109 1770 producit
1139 1730 1181 1757 v.
1204 1726 1301 1771 971.
1330 1714 1500 1772 corripit
1526 1729 1626 1756 vero

159 1800 200 1826 v.
222 1797 320 1840 302.
353 1784 586 1825 BLOMF.

218 1866 288 1908 30.
322 1852 572 1907 Μασίστρης]
605 1851 736 1893 Redit
766 1851 845 1893 hoc
872 1866 1022 1893 nomen
1050 1867 1092 1892 v.
1128 1863 1226 1906 970.
1256 1851 1327 1892 ubi
1357 1850 1451 1892 libri
1480 1849 1628 1907 optimi

163 1922 415 1973 Μασίστρας.
465 1920 676 1972 Μασίστης
707 1934 856 1960 nomen
889 1920 1030 1960 Persae
1056 1919 1172 1976 apud
1203 1918 1471 1960 Herodotum
1495 1929 1535 1972 7,
1557 1918 1627 1960 82.

164 2005 207 2046 9,
229 2000 323 2043 107.
346 2001 440 2043 113.
463 1998 506 2029 et
526 1989 753 2031 Μασίστιος
774 1999 815 2040 7,
838 1999 905 2042 79.
929 2001 970 2042 9,
994 1999 1060 2029 20.
1083 1997 1124 2030 et
1147 2001 1214 2040 24.
1248 1988 1331 2038 Qui
1353 2003 1425 2029 sex
1443 1986 1628 2028 locorum

163 2071 385 2099 consensus
402 2055 502 2097 facit
523 2065 571 2097 ut
591 2054 795 2112 AEschylo
818 2070 987 2112 quoque
1017 2055 1240 2112 utrobique
1271 2056 1485 2106 Μασίστης
1515 2053 1630 2096 resti-

166 2126 366 2168 tuendum
387 2138 588 2166 censeam.

222 2207 291 2250 31.
328 2191 602 2247 Φαρανδάκης]
632 2193 707 2233 An
736 2191 810 2248 qui
841 2191 1062 2233 Herodoto
1096 2202 1136 2246 7,
1170 2203 1236 2247 79.
1271 2192 1526 2245 Φαρενδάτης
1556 2192 1631 2248 qui

167 2261 362 2305 Maribus
381 2270 423 2304 et
443 2260 610 2303 Colchis
636 2263 843 2317 praeerat?
878 2260 1100 2302 STANL.
1161 2260 1419 2313 Φαρανδάκης
1449 2260 1629 2318 penulti-

167 2345 275 2372 mam
296 2330 466 2386 corripit
484 2345 526 2370 v.
550 2338 645 2385 957.
679 2328 911 2370 BLOMF.

226 2411 296 2453 32,
318 2397 349 2439 τ’
370 2413 451 2439 om.
473 2407 557 2439 tres
575 2397 696 2439 codd.
716 2406 758 2438 et
778 2395 881 2437 Ald.
906 2397 1045 2436 Turn.

227 2465 460 2522 Σωσθάνης]
484 2467 516 2507 θ’
533 2464 748 2516 Σωσθάνης
768 2463 869 2505 Ald.
889 2463 999 2504 unde
1021 2464 1084 2504 καὶ
1103 2462 1319 2515 Σωσθάνης
1338 2463 1634 2520 interpolatum

170 2535 212 2575 in
234 2535 371 2575 Turn.
422 2535 659 2574 Paucorum
689 2531 878 2573 codicum
908 2530 1155 2587 corruptelae
1184 2540 1283 2572 sunt
1312 2530 1514 2583 σοσθάνης
1544 2549 1636 2573 σου-

173 2601 322 2653 σθάνης
341 2600 544 2652 σωσθένης
564 2602 773 2652 σωσθίνης.

229 2682 299 2725 33.
329 2668 493 2724 Νεῖλος]
514 2669 712 2724 Magnus
741 2667 990 2724 appellatur,
1013 2666 1112 2723 quia
1140 2667 1285 2708 ceteris
1311 2667 1474 2723 longior
1503 2667 1638 2710 multo

173 2747 213 2779 et
234 2736 436 2793 copiosior
453 2735 549 2785 fuit,
571 2750 696 2791 quam
719 2735 774 2777 ob
793 2750 958 2777 causam
980 2750 1089 2790 saepe
1109 2735 1231 2776 etiam
1252 2750 1346 2776 cum
1369 2735 1422 2776 de
1442 2736 1640 2793 AEgypto

175 2804 328 2860 agitur,
351 2801 431 2845 κατ’
456 2802 598 2856 ἐξοχὴν
618 2812 788 2844 vocatur
809 2804 830 2844 ὁ
851 2805 1035 2855 ποταμός.
1066 2802 1367 2856 πολυθρέμμων,
1385 2805 1640 2860 almu8‚flr-

177 2873 279 2922 tilis,
299 2870 490 2927 Epitheti
511 2869 711 2912 rationem
740 2870 879 2912 reddit
911 2870 1062 2912 Strabo
1082 2884 1148 2926 15.
1170 2885 1212 2927 p.
1230 2872 1329 2926 695.
1351 2872 1414 2913 καὶ
1431 2876 1586 2914 Νεῖλον
1606 2872 1638 2914 δ’

179 2938 280 2981 εἶναι
309 2939 473 2992 γόνιμον
499 2941 657 2989 μᾶλλον
690 2937 846 2990 ἑτέρων,
877 2940 940 2980 καὶ
971 2941 1209 2993 μεγαλοφυῆ
1237 2942 1385 2993 γεννᾶν
1416 2941 1480 2982 καὶ
1507 2942 1641 2982 τᾶλλα

182 3009 245 3050 καὶ
269 3009 319 3049 τὰ
346 3007 531 3061 ἀμφίβια·
563 3005 631 3050 τάς
659 3023 702 3050 τε
729 3010 916 3060 γυναῖκας
946 3006 1029 3048 ἔσθ’
1060 3007 1126 3048 ὅτε
1154 3007 1219 3062 καὶ
1246 3007 1464 3061 τετράδυμα
1497 3010 1641 3052 τίκτειν
