1898 3256
373 230 463 271 AD
495 229 749 271 SEPTEM
781 227 1112 270 ADVERSUS
1146 225 1413 267 THEBAS.
1538 224 1623 264 125

158 340 323 382 exulem
354 356 428 383 nec
458 341 615 383 auxilio
633 340 899 389 sublevarint‚
922 355 997 382 nec
1017 339 1114 381 vitae
1139 337 1323 380 subsidia
1352 336 1621 393 praebuerint.

159 409 387 465 Euripides
415 409 455 450 in
489 409 718 451 Phoenissis
743 408 798 450 ob
830 408 1133 465 turpitudinem
1163 405 1382 449 incestuosi
1417 420 1512 447 cum
1546 406 1623 445 Jo-

157 487 268 518 casta
288 477 486 518 connubii
506 477 713 534 OEdipum
745 492 770 518 a
799 476 892 518 filiis
921 475 1108 518 custodia
1127 474 1334 516 inclusum
1365 473 1506 525 fuisse,
1525 487 1621 514 nar-

158 554 236 595 rat,
258 545 436 602 ideoque
455 560 550 586 eum
572 544 697 586 animi
727 544 977 602 aegritudine
1007 543 1260 584 laborantem
1286 541 1397 583 diras
1423 541 1518 583 filiis
1546 541 1623 582 im-

159 622 372 668 precatum
394 628 480 654 esse
494 621 522 654 Υ.
566 613 758 669 Ineptam
780 627 878 653 vero
897 612 1080 653 dirarum
1101 625 1266 653 causam
1287 626 1312 652 a
1331 608 1496 666 cyclicae
1513 609 1624 651 The-

159 679 305 721 baidos
324 687 493 722 auctore
522 681 750 731 confictam,
773 696 796 721 e
825 680 952 721 schol.
986 678 1179 736 Sophocl.
1210 677 1623 720 commemoravimus

159 747 212 788 ad
233 762 272 788 v.
295 748 404 800 7863
438 764 523 805 qua
553 758 689 790 tamen
722 748 835 789 haud
867 747 950 789 scio
973 762 1024 788 an
1047 747 1170 789 etiam
1201 746 1380 803 ineptior
1409 746 1473 796 sit,
1495 761 1621 802 quam

160 815 421 857 Athenaeuss
453 831 503 857 ex
543 816 625 857 alio
659 815 967 858 Thebaicorum
1006 815 1205 872 scriptore
1240 815 1374 865 affert,
1411 814 1621 870 OEdipum

160 883 264 924 filios
292 883 387 925 ideo
405 893 678 934 exsecratum,
705 884 819 940 quod
844 883 919 925 sibi
950 883 1115 940 pocula,
1135 899 1231 939 quae
1261 892 1473 924 aversatus
1502 893 1622 933 esset,

158 951 441 1008 apposuerint.

217 1019 444 1076 [Eschylus
478 1019 686 1076 OEdipum
720 1030 815 1061 ante
854 1020 960 1062 filios
1000 1030 1212 1061 mortuum
1252 1036 1354 1070 esse,
1399 1019 1625 1076 Sophocles

159 1103 257 1128 vero
286 1098 327 1129 et
359 1088 584 1145 Euripides
611 1088 660 1130 iis
689 1088 951 1145 superstitem
985 1088 1137 1139 fuisse3
1169 1098 1210 1130 et
1240 1088 1310 1130 ille
1336 1088 1507 1145 quidem
1532 1088 1621 1144 jam

158 1165 255 1197 aute
289 1156 435 1197 horum
471 1156 626 1197 caedem
661 1156 864 1206 exulasse,
895 1156 963 1198 hic
998 1172 1095 1197 vero
1134 1157 1302 1198 demum
1342 1156 1485 1198 occisis
1517 1156 1567 1196 iis
1599 1170 1624 1196 a

162 1225 342 1265 Creonte
363 1224 523 1265 Thebis
542 1224 762 1280 expulsum
786 1224 911 1265 fuisse
930 1224 1066 1266 finxit.
1552 1222 1555 1223 ⁷

218 1293 285 1332 De
313 1292 455 1333 mortis
483 1307 634 1348 genere
660 1302 700 1333 et
731 1293 920 1348 sepulcro
940 1292 1055 1333 haud
1086 1292 1216 1348 magis
1245 1293 1354 1334 inter
1380 1308 1423 1334 se
1450 1307 1622 1334 consen-

161 1359 270 1400 tiunt
288 1369 490 1401 auctores.
554 1361 662 1400 Sunt
682 1360 755 1415 qui
781 1375 823 1400 se
847 1359 983 1416 ipsum
1003 1360 1199 1402 occidisse
1228 1361 1523 1416 perhibeantt3
1555 1360 1624 1402 alii

160 1427 306 1468 morbo
339 1437 381 1468 et
414 1442 590 1468 moerore
623 1428 874 1470 exstinctum
912 1436 1083 1470 narrant
1097 1438 1130 1469 ¹1.
1188 1429 1434 1486 Sepulcrum
1472 1429 1623 1486 OEdipi

164 1495 391 1547 AEschylus
419 1495 587 1551 quidem
615 1495 776 1536 Thebis
804 1511 958 1552 ponere
987 1496 1166 1538 videtur.
1220 1498 1288 1539 Cf.
1310 1513 1351 1539 v.
1373 1511 1471 1552 914.
1500 1511 1623 1551 1004.

159 1565 221 1604 At
254 1564 481 1604 Pausanias
506 1563 616 1604 intra
645 1574 806 1620 septum
840 1565 1054 1621 Areopagi
1091 1565 1267 1606 Athenis
1297 1565 1448 1622 OEdipi
1480 1581 1625 1607 mouu-

159 1640 364 1681 mentum,
400 1647 533 1687 eoque
567 1647 659 1673 ossa
691 1632 782 1688 ejus
813 1632 975 1674 Thebis
1009 1633 1228 1689 deportata
1266 1634 1393 1675 fuisse
1432 1634 1573 1675 scribit
1586 1643 1620 1676 x,

161 1698 300 1740 Aliam
342 1715 440 1740 vero
477 1699 661 1741 fabulam
702 1700 799 1741 satis
837 1700 1039 1756 prolixam
1081 1702 1296 1743 contexuit
1331 1702 1623 1758 Lysimachus,

159 1782 285 1822 quam
309 1767 432 1809 refert
454 1768 580 1810 schol.
600 1767 652 1808 ad
677 1768 869 1824 Sophocl.
892 1769 1041 1825 OEdip.
1064 1769 1156 1810 Col.
1178 1785 1216 1810 v.
1239 1770 1306 1812 62.

220 1835 272 1875 In
305 1835 514 1891 Polynicis
545 1835 776 1891 sepultura,
807 1851 903 1892 quae
933 1853 1064 1893 quum
1091 1853 1116 1878 a
1142 1848 1286 1879 senatu
1321 1838 1622 1880 Thebanorum

162 1902 288 1944 vetita
308 1912 427 1954 esset,
446 1903 676 1959 Antigonae
705 1904 958 1946 occasionem
990 1906 1313 1962 pulcherrimam
1341 1906 1441 1949 facit
1470 1907 1627 1948 amabi-

161 1970 239 2011 lem
260 1971 400 2012 fratris
417 1987 615 2023 amorem,
637 1972 929 2029 egregiamque
947 1973 1075 2015 animi
1095 1973 1274 2015 indolem
1297 1974 1623 2026 demonstrandi,

161 2038 333 2080 aemulos
362 2039 509 2080 habuit
530 2040 759 2096 AEschylus
782 2041 1028 2098 Sophoclem
1054 2042 1095 2084 in
1120 2043 1350 2099 Antigone,
1367 2053 1409 2084 et
1429 2043 1470 2084 in
1493 2043 1623 2084 Phoe·

159 2106 278 2147 nissis
298 2107 562 2163 Euripidem,
585 2123 814 2165 eorumque
839 2109 1022 2166 ingenia,
1043 2121 1091 2151 ut
1112 2110 1216 2166 quid
1245 2110 1287 2152 in
1319 2111 1465 2152 eodem
1496 2127 1624 2168 argu-

161 2184 300 2215 mento
333 2174 492 2216 efficere
526 2187 710 2232 possent,
743 2177 1043 2234 experirentur,
1080 2179 1626 2222 excitavit.—SCHUET-

162 2243 321 2284 ZIUS.

218 2311 286 2351 De
319 2321 505 2367 tempore
539 2311 668 2368 hujus
706 2313 861 2355 fabulae
902 2324 1063 2356 tantum
1104 2327 1363 2374 compertum
1404 2318 1620 2369 habemus,

160 2378 426 2433 posteriorem
459 2379 609 2430 Persis,
628 2380 656 2421 i.
677 2396 713 2422 e.
745 2391 839 2438 post
858 2384 1013 2440 olymp.
1036 2385 1106 2438 76,
1125 2398 1168 2437 4.
1189 2385 1344 2426 editam
1365 2401 1465 2427 esse.
1518 2385 1621 2426 Ari·

161 2444 382 2501 stophanes
401 2446 510 2487 enim
531 2462 663 2503 quum
694 2448 736 2489 in
764 2450 926 2490 Ranisy
948 2451 1052 2493 hanc
1081 2453 1326 2509 tragoediam
1347 2453 1406 2495 ita
1426 2463 1627 2495 memoret

204 2584 219 2602 r
234 2588 266 2608 v.
283 2577 335 2618 65.
348 2589 395 2619 sq.
419 2579 572 2612 Similiter
587 2581 653 2613 fere
669 2582 749 2614 Stat.
768 2583 923 2615 Thebaid.
947 2595 972 2623 ι,
990 2585 1063 2625 238.
1078 2596 1144 2627 sqq.
1184 2587 1375 2627 Fulgentius
1391 2594 1499 2618 autem
1516 2588 1626 2628 OEdipi

160 2632 246 2662 diras
261 2631 387 2663 silentio
401 2634 566 2672 praeteriit,
582 2635 647 2666 fab,
661 2635 714 2676 67.
727 2635 779 2668 68.
883 2645 897 2663 S
916 2638 1132 2680 Deipnosoph.
1152 2650 1163 2670 1
1174 2650 1200 2670 1.
1217 2652 1247 2681 p.
1264 2640 1338 2681 465.
1448 2643 1462 2666 t
1475 2642 1624 2682 Fulgent.

160 2685 225 2715 fab.
245 2692 318 2724 242.
475 2693 496 2711 ¹1
515 2687 554 2717 In
566 2687 650 2718 hanc
667 2695 791 2728 partem
805 2692 975 2723 concedere
991 2693 1117 2724 videtur
1132 2694 1312 2734 Apollodor.
1328 2695 1383 2726 lib.
1402 2704 1431 2726 2.
1460 2696 1545 2735 [Hoc
1561 2707 1626 2728 non

160 2739 306 2779 sequitur
320 2750 361 2771 ex
376 2740 480 2771 verbis
495 2741 681 2782 Apollodori
697 2753 729 2783 3,
746 2754 764 2784 5
780 2750 862 2775 extr.
875 2755 883 2774 ε
907 2747 1114 2786 προσδεχθεὶς
1138 2748 1196 2778 ὑπὸ
1212 2747 1452 2787 Θησέως-μετ’
1468 2750 1504 2780 οὐ
1526 2750 1627 2781 πολὺν

160 2792 278 2834 χρόνον
293 2792 472 2834 axionum]
566 2802 585 2820 Χ
603 2796 675 2827 Lib.
696 2807 723 2827 1.
740 2808 767 2829 c.
786 2799 837 2830 28.
853 2810 884 2839 p.
898 2798 950 2840 69.
966 2801 1016 2831 ed.
1032 2800 1143 2831 Kiihn.

206 2855 224 2878 ,v
242 2847 334 2879 Vers.
355 2856 579 2889 1019—1027.
639 2852 642 2854 “
720 2850 723 2852 “

782 2898 1004 2927 ΔΙΟΝΤΣΟΣ.

379 2955 429 2986 καὶ
445 2955 478 2986 τί
492 2956 533 2987 σὺ
548 2956 663 2998 δράσας
679 2958 776 2991 ὀὕτως
791 2960 903 2992 αὐτοὺς
916 2960 1079 3000 γενναίους
1094 2962 1283 3002 ἐξεδίδαξας;

378 3008 532 3049 Αἰσχύλε,
550 3010 651 3051 λέξον,
667 3012 738 3051 μηδ’
755 3013 892 3046 αὐθαδῶς
908 3014 1136 3054 σεμνυνόμενος
1151 3016 1337 3056 χαλέπαινε.

1543 3067 1627 3096 ΑΙΣ-
