1898 3256
372 240 427 281 64
844 239 1336 280 ANNOTATIONES

365 347 507 395 Ἀτλα,
531 348 593 389 καὶ
611 352 797 399 μαρτυρεῖ
813 348 855 387 τὸ
875 347 1147 400 Ἀτλαγενέων
1171 348 1297 403 (apud
1321 346 1491 387 Hesiod.
1516 348 1595 401 Op.
1616 346 1746 399 381.)·
1769 347 1806 386 οἳ

369 415 513 454 πολλοὶ
533 415 574 454 δὲ
595 415 826 465 ἀγνοοῦντες
848 415 1014 454 ἐνταῦθα
1028 413 1230 454 ’Ἄτλαντα
1256 413 1455 466 λέγουσιν,
1478 412 1545 452 οὐκ
1576 413 1719 453 εἰδότες
1748 401 1806 451 ὅτι

370 481 414 520 τὸ
442 479 474 520 θ’
495 497 538 521 τε
563 481 683 520 ἐστίν.
714 479 737 530 ἢ
765 480 808 519 τὸ
828 483 975 520 Τιτᾶνα
1003 480 1054 531 μὴ
1087 479 1299 531 ἐκληπτέον
1325 481 1380 521 εἷς
1409 479 1478 519 τὸν
1495 481 1679 530 Τυφῶνα,
1701 479 1807 518 ἀλλὰ

370 545 589 586 συναπτέον
607 545 703 597 πρὸς
731 546 801 586 τὸν
815 545 1032 596 ”Ατλαντα,
1055 547 1116 586 καὶ
1142 547 1259 588 οὕτως
1288 546 1355 585 οὐκ
1383 545 1431 585 ἂν
1450 544 1494 584 τὸ
1517 543 1549 584 θ’
1572 544 1658 584 ἀντὶ
1677 547 1745 583 τοῦ
1763 559 1806 583 τε

371 614 501 662 εἴποις,
524 613 630 652 ἀλλὰ
645 611 857 652 Ἀτλαντα.
908 612 1028 652 Dixit
1052 612 1103 652 de
1132 612 1210 652 hac
1236 610 1455 652 accusativi
1484 610 1616 650 forma
1637 609 1803 649 Choero-

370 678 516 718 boscus
544 677 583 717 in
614 677 790 717 Bekkeri
813 678 974 718 Anecd.
998 693 1037 732 p.
1064 678 1181 731 1183.
1202 677 1392 729 λέγουσιν
1413 678 1450 716 οἱ
1473 676 1625 726 ποιηταὶ
1651 674 1803 715 πολλά-

372 761 428 786 κις
448 745 468 784 6
491 745 586 786 Αἴας
601 747 667 784 τοῦ
689 745 766 784 Αἵα
787 744 848 784 καὶ
868 745 888 784 6
911 745 1041 796 Δρύας
1059 747 1125 784 τοῦ
1147 744 1257 795 Δρύα
1278 743 1339 783 καὶ
1359 744 1380 782 ὁ
1402 743 1512 783 Θόας
1540 744 1607 780 τοῦ
1629 741 1731 787 Θόα,
1755 741 1805 782 ὡς

370 809 457 862 παρ’
479 809 652 864 “Ησιόδῳ
685 811 751 860 “ἡ
781 812 823 850 δὲ
845 811 957 851 Θόαν
985 810 1097 851 τέκεν
1125 809 1232 851 υἱόν”
1265 811 1327 850 καὶ
1356 807 1442 860 παρ’
1463 808 1633 860 Ἀλκαίῳ
1661 812 1688 830 “
1706 808 1804 847 Αἵαν

371 876 439 916 τὸν
459 877 656 928 aptamus
686 878 723 916 οἱ
743 878 818 928 γὰρ
843 878 997 926 ποιηταὶ
1021 876 1146 930 μέτρῳ
1166 876 1416 916 δουλεύοντες
1445 873 1634 915 πολλάκις
1653 874 1716 913 διὰ
1735 873 1805 922 τὴν

373 943 544 994 ἀνάγκην
564 945 633 982 τοῦ
650 941 790 994 μέτρου
810 943 1099 993 παραβαίνουσι
1119 942 1188 982 τὸν
1209 942 1365 982 κανόνα.

426 1019 525 1061 429.
555 1007 749 1060 ὑπέροχον
779 1008 1057 1048 Hermannus.
1112 1006 1230 1047 Libri
1259 1008 1479 1059 ὑπείροχον.
1530 1007 1682 1045 Forma
1712 1006 1802 1045 Ho-

372 1073 519 1113 merica
537 1073 589 1113 ab
609 1072 780 1113 librariis
799 1072 924 1123 illata,
946 1081 991 1113 ut
1012 1073 1053 1112 in
1077 1072 1288 1128 Sophoclis
1308 1071 1502 1112 Trachin.
1523 1074 1644 1124 1096.

427 1153 523 1194 430.
545 1139 686 1182 σθένος
706 1140 887 1192 κραταιὸν
907 1139 1085 1192 οὐράνιόν
1100 1155 1142 1178 τε
1160 1137 1307 1192 πόλον]
1327 1137 1594 1178 Manifestum
1612 1147 1670 1178 est
1687 1146 1804 1177 terrae

372 1220 518 1246 nomen
538 1205 767 1246 desiderari.
830 1204 1097 1246 Scribendum
1118 1204 1312 1257 ὑπέροχον
1332 1203 1471 1247 σθένος
1498 1205 1678 1256 κραταιὸν
1704 1202 1709 1257 Ι
1735 1206 1805 1255 γᾶς

372 1271 553 1323 οὐράνιόν
571 1288 615 1312 τε
633 1270 772 1312 πόλον.

430 1337 578 1391 νώτοις]
598 1338 714 1388 ὤμοις
733 1337 839 1378 dixit
859 1353 897 1378 v.
920 1338 1018 1391 348.

597 1403 881 1451 ·-”Ατλαντος,
903 1403 947 1446 ὃς
966 1403 1061 1455 πρὸς
1082 1402 1270 1454 ἑσπέρους
1290 1401 1429 1444 τόπους

598 1470 737 1520 ἔστηκε
757 1469 849 1510 κίον’
871 1470 1036 1520 οὐρανοῦ
1055 1485 1097 1509 τε
1119 1469 1181 1509 καὶ
1199 1468 1342 1521 χθονὸς

598 1535 712 1585 ὤμοις
733 1536 888 1587 ἐρείδων
907 1535 1029 1586 ἄχθος
1048 1533 1115 1573 οὐκ
1137 1532 1364 1584 εὐάγκαλον.

373 1611 440 1651 Sic
459 1619 594 1651 autem
619 1611 773 1652 variant
802 1619 934 1667 poetae
964 1610 1004 1650 in
1035 1619 1143 1650 statu
1165 1609 1347 1650 Atlantis
1373 1610 1650 1660 describendo,
1674 1620 1720 1651 ut
1739 1611 1805 1651 alii

370 1675 515 1730 capite,
536 1675 602 1715 alii
622 1675 815 1725 humeris,
835 1675 902 1715 alii
922 1675 1042 1715 dorso
1061 1673 1209 1714 coelum
1225 1674 1277 1714 ab
1296 1689 1344 1714 eo
1364 1673 1494 1713 fulciri
1518 1674 1690 1714 tradant.
1747 1675 1805 1714 Et

375 1742 584 1782 Homerus
616 1741 782 1796 quidem
820 1740 1053 1796 simpliciter
1091 1739 1202 1780 nulla
1237 1750 1351 1794 parte
1385 1740 1564 1794 corporis
1602 1739 1807 1780 nominata

373 1807 525 1862 Odyss.
548 1812 596 1856 A,
618 1817 684 1862 53.

704 1873 821 1926 Ἔχει
841 1873 884 1913 δέ
903 1890 944 1913 τε
967 1875 1095 1915 κίονας
1116 1873 1229 1915 αὐτὸς

485 1942 632 1991 μακρὰς
652 1941 692 1979 αἱ
711 1939 828 1991 γαῖάν
848 1955 890 1979 τε
911 1940 973 1979 καὶ
993 1939 1158 1989 οὐρανὸν
1179 1939 1299 1990 ἀμφὶς
1319 1939 1469 1990 ἔχουσι.

378 2015 585 2056 Hesiodus
604 2015 734 2069 capite
754 2025 794 2055 et
815 2015 1002 2055 manibus
1022 2014 1184 2069 Theog.
1205 2025 1327 2069 517.:

481 2092 632 2134 Ἀτλας
651 2091 682 2132 δ’
703 2093 869 2143 οὐρανὸν
891 2092 1002 2143 εὐρὺν
1022 2091 1106 2143 ἔχει
1127 2093 1307 2142 κρατερῆς
1326 2092 1388 2130 ὑπ’
1410 2091 1576 2143 ἀνάγκης

486 2159 666 2210 πείρασιν
689 2159 732 2198 ἐν
752 2158 874 2209 γαίης,
896 2155 1048 2208 πρόπαρ
1067 2155 1311 2208 εΕσπερίδων
1330 2158 1564 2209 λιγυφώνων

488 2224 644 2273 ἑστηὼς,
669 2225 822 2277 κεφαλῇ
842 2239 884 2262 τε
905 2223 966 2262 καὶ
986 2221 1215 2272 ἀκαμάτοισι
1233 2221 1408 2273 χέρεσσι.

375 2299 568 2356 Euripidi
586 2314 683 2339 vero
702 2299 853 2339 dicitur
875 2299 966 2338 Ion.
988 2311 1024 2337 1.

481 2365 632 2407 Ἀτλας
651 2367 671 2405 ὁ
691 2364 898 2418 χαλκέοισι
918 2365 1051 2405 νώτοις
1070 2363 1234 2415 οὐρανὸν

480 2435 579 2473 θεῶν
597 2431 768 2471 παλαιὸν
787 2430 893 2471 οἶκον
913 2431 1112 2482 ἐκτρίβων.

377 2508 442 2549 Sic
471 2508 591 2550 etiam
623 2507 788 2562 ignotus
819 2515 962 2546 auctor
1000 2504 1306 2555 versiculorum,
1342 2520 1445 2560 quos
1476 2505 1515 2545 in
1552 2506 1639 2546 cod.
1672 2505 1804 2547 Viteb.

375 2574 605 2614 scholiastes
623 2572 675 2613 ad
705 2572 815 2612 hunc
836 2570 1040 2626 AEschyli,
1060 2585 1182 2625 quem
1204 2578 1438 2621 tractamus,
1457 2572 1590 2612 locum
1611 2571 1806 2621 laudavit,

374 2640 541 2695 quique,
573 2639 644 2680 sed
673 2638 828 2694 aliquot
859 2636 953 2678 locis
978 2635 1283 2685 emendatiores,
1316 2636 1511 2692 leguntur
1536 2637 1576 2677 in
1607 2636 1805 2678 Eudociae

373 2705 503 2758 Ἰωνιᾷ
522 2721 562 2760 p.
582 2706 644 2744 16.

488 2784 624 2823 Μῦθος
643 2781 822 2827 παλαιὸς,
846 2781 896 2822 ὡς
909 2778 1060 2821 Ἀτλας
1081 2779 1214 2820 νώτοις
1233 2777 1345 2830 φέρει

485 2846 554 2886 τὸν
574 2846 741 2898 οὐρανὸν
762 2845 932 2886 κάτωθεν
952 2846 994 2884 ἐκ
1014 2847 1084 2896 γῆς
1104 2844 1268 2896 ἀνέχων.

486 2911 536 2950 σὺ
550 2915 646 2962 γοῦν
667 2912 815 2952 ἀκούων
830 2913 950 2962 γνῶθι
969 2908 1067 2949 τοῦτ’
1090 2907 1331 2960 ἆλληγόρως.
