1898 3256
346 250 436 292 AD
469 248 724 291 SEPTEM
755 245 1088 289 ADVERSUS
1121 244 1390 286 THEBAS.
1522 243 1605 286 177

135 362 364 421 Phrynich.
385 364 427 406 in
455 363 639 406 Bekkeri
659 361 823 404 Anecd.
846 376 887 418 p.
911 361 980 402 61.
1011 357 1393 413 Προαναγυμνάζειν
1423 358 1551 410 στόμα
1580 355 1604 409 ἢ

134 432 288 484 φωνήν.
320 432 342 474 ὃ
362 436 546 475 ποιοῦσιν
566 433 604 473 οἶ
623 432 942 485 φωνασκοΰντες,
965 428 1029 470 καὶ
1048 428 1095 479 τῇ
1124 429 1238 483 φωνῇ
1266 426 1559 480 ἀγωνιζόμενοι,
1582 423 1603 465 ὃ

134 500 173 540 οἱ
197 501 345 542 πολλοὶ
365 501 624 554 ἀναφώνησιν
644 498 849 553 λέγουσιν.
882 497 1116 539 BLOMF.

192 580 294 621 442.
318 569 376 623 ἐς]
404 567 678 610 Scribendum
701 569 768 611 εἰς.

191 648 291 690 443.
321 638 479 690 γεγωνὰ
499 635 752 677 Brunckius.
815 633 937 676 Libri
958 637 1117 688 γεγῶνα
1137 631 1216 683 vel,
1237 630 1354 688 quod
1374 630 1417 671 in
1442 631 1509 672 M.
1528 638 1607 681 est,

134 706 304 756 γεγωνᾶ.
366 705 448 745 Per
468 704 541 756 ἔπη
562 704 768 758 ταραχώδη
788 702 969 759 explicat
991 700 1222 743 scholiasta.

192 783 292 826 445.
316 772 583 826 ἐξῃκασμένον
603 773 670 815 Μ.
702 771 985 824 ἐξεικασμένον
1007 769 1150 826 vulgo.

190 840 288 892 448.
331 840 472 897 αἴθων]
515 840 640 891 Quod
676 839 907 897 AEschylus
947 838 1164 895 scripserat
1202 839 1383 878 ΑΙΘΟΝ
1424 834 1492 876 alii
1533 850 1611 892 pro

135 908 270 956 αἴθων,
291 909 406 965 quod
427 908 470 949 in
497 908 614 950 libris
633 908 828 950 omnibus
848 923 961 949 nunc
981 907 1148 963 legitur,
1170 905 1238 946 alii
1258 919 1337 961 pro
1365 903 1480 945 αἶθον
1499 918 1614 944 acce-

135 984 303 1032 perunt,
337 987 383 1018 ut
410 977 622 1018 annotavit
654 976 882 1018 scholiasta.
946 974 1262 1017 Praeferendum
1293 972 1461 1015 videtur
1496 972 1612 1013 αἶθον

136 1049 254 1098 λῆμα.
277 1062 458 1103 quocum
482 1045 756 1088 Blomfleldus
779 1044 1034 1102 comparavit
1056 1043 1210 1100 Eurip
1235 1042 1334 1099 Iph.
1358 1041 1465 1083 Aul.
1484 1054 1609 1097 1423.

130 1112 190 1155 Ὠ
208 1114 296 1166 λῆμ’
321 1116 495 1168 ἄριστον.
519 1114 706 1171 Hesych.
727 1113 969 1167 Ἀρείφατον
999 1115 1119 1164 λῆμα·
1153 1112 1243 1153 ἀντὶ
1273 1114 1358 1162 τοῦ,
1382 1109 1500 1164 Ἀρει
1530 1112 1613 1152 ἐοι-

139 1183 223 1226 κώς.
254 1184 457 1238 Αἰσχύλος
476 1184 730 1226 Νεανίσκοις.

196 1253 482 1307 Πολυφόντου]
508 1253 756 1305 Πολυφόντα
777 1250 882 1292 Ald.

193 1329 294 1375 452.
316 1319 440 1361 ὄλοιθ’
442 1319 727 1374 -ἐπισχέθοι]
754 1320 926 1369 Pereat,
948 1319 1021 1376 qui
1041 1332 1205 1375 magna
1226 1318 1340 1358 mala
1359 1316 1457 1357 urbi
1479 1316 1615 1355 mina-

136 1394 223 1438 tur,
254 1402 425 1446 eumque
435 1389 647 1444 fulminis
669 1387 814 1442 jactus
843 1393 997 1428 arceat.
1033 1385 1193 1439 μεγάλα
1224 1386 1469 1438 ἐπεύχεσθαι
1501 1383 1613 1424 idem

135 1466 212 1507 est,
232 1456 345 1513 quod
369 1473 407 1499 v,
427 1470 526 1510 411.
550 1458 660 1498 δεινὰ
680 1457 877 1507 ἀπειλεῖν,
900 1464 941 1496 et
966 1454 1081 1510 apud
1104 1453 1354 1510 Euripidem
1381 1451 1614 1505 (Phoeniss.

136 1541 175 1566 v.
198 1524 313 1581 183.)
336 1527 445 1567 δεινὰ
464 1527 509 1577 τῇ
530 1526 648 1566 πόλει
669 1525 910 1578 ἐφυβρίζειν.
974 1522 1172 1564 Fulmine
1193 1537 1292 1563 vero
1313 1523 1560 1578 Capaneum
1589 1534 1615 1561 a

137 1595 247 1635 Jove
282 1604 438 1636 tactum
469 1593 666 1635 occidisse
696 1602 842 1634 notum
874 1601 949 1633 est.
1013 1596 1041 1616 “
1067 1590 1134 1632 Sic
1165 1589 1274 1631 enim
1307 1588 1538 1645 Euripides
1571 1588 1613 1628 in

141 1661 344 1704 Phoeniss.
367 1676 383 1703 1
396 1676 411 1703 1
423 1662 492 1715 87.

309 1742 382 1794 ἤδη
403 1740 433 1783 δ’
456 1742 750 1795 ὑπερβαίνοντα
770 1744 921 1794 γεῖσσα
943 1738 1107 1793 τειχέων

312 1809 462 1862 βάλλει
483 1812 656 1864 κεραυνῷ
679 1809 778 1852 Ζεύς
800 1825 875 1850 νιν.

141 1900 182 1932 et
203 1889 345 1949 Quint.
365 1889 511 1932 Calab.
531 1903 594 1940 10,
608 1890 708 1941 482.

315 1968 511 2022 δμηθέντα
532 1968 630 2012 Διὸς
651 1968 858 2010 στονόεντι
880 1968 1068 2024 κεραυνῷ.

142 2048 250 2091 Vide
267 2049 446 2090 Pausan.
463 2061 507 2103 9,
525 2048 565 2098 8,
584 2058 622 2102 7.
635 2057 676 2089 et
694 2047 935 2088 Philostrat.
956 2048 1118 2103 Imagg.
1136 2047 1177 2087 in
1202 2045 1432 2101 Antigone,
1455 2060 1493 2101 p.
1512 2046 1610 2100 854.

142 2118 206 2158 At
234 2116 433 2172 Vegetius
460 2129 504 2168 4,
536 2128 603 2157 21.
639 2116 723 2164 Qui
752 2116 879 2157 scalis
908 2116 955 2155 in
984 2115 1196 2156 obsidione
1226 2115 1396 2155 urbium
1430 2119 1614 2154 utuntur

122 2185 380 2242 frequenter
399 2184 638 2241 periculum
658 2184 893 2230 sustinent‚·
926 2183 1111 2239 exemplo
1134 2183 1338 2239 Capanei,
1361 2196 1388 2222 a
1415 2197 1496 2238 quo
1516 2183 1612 2238 pri-

142 2268 255 2294 mum
293 2253 504 2294 scalarum
534 2252 834 2309 propugnatio
870 2252 1115 2308 perhibetur
1153 2252 1342 2301 inventa,
1378 2251 1451 2307 qui
1493 2257 1614 2292 tanta

143 2320 246 2363 mole
263 2321 452 2378 lapidum
460 2321 567 2376 fuit
585 2321 759 2362 obrutus
782 2334 811 2360 a
836 2320 1064 2370 Thebanis,
1087 2326 1135 2361 ut
1144 2320 1415 2375 fulminibus
1444 2319 1615 2360 dicatur

145 2389 392 2430 extinctus?
422 2389 563 2430 Stant.
624 2389 755 2429 Hunc
784 2387 922 2429 locum
943 2388 1130 2430 imitatus
1158 2398 1218 2430 est
1239 2387 1467 2444 Euripides
1489 2387 1613 2428 Phoe·

148 2456 242 2497 niss.
262 2471 303 2497 v.
323 2457 418 2498 186.
437 2471 526 2512 sqq.

320 2534 363 2574 ἰὼ
383 2534 538 2586 Νέμεσι
559 2536 622 2576 καὶ
645 2534 742 2578 Διὸς

318 2602 566 2654 βαρύβρομοι
583 2603 751 2655 βρονταὶ

321 2669 524 2721 κεραυνιόν
543 2685 586 2710 τε
606 2673 684 2721 πῦρ
704 2670 895 2710 αἰθαλόεν

319 2736 371 2777 σύ
389 2752 449 2776 τοι
466 2738 763 2790 μεγαληγορίαν

319 2803 540 2857 ὑμεράνορα
561 2806 754 2856 κοιμίζεις.
817 2806 950 2846 SCH.

205 2894 306 2938 453.
337 2883 425 2935 μιν]
464 2885 616 2924 Forma
650 2899 675 2924 a
709 2882 874 2938 tragicis
904 2882 1049 2924 aliena.
1114 2882 1388 2924 Scribendum
1424 2899 1486 2923 νιν
1515 2898 1611 2924 cum

153 2951 378 2993 Brunckio.

204 3033 302 3075 454.
326 3020 458 3061 Recte
477 3019 773 3076 interpretatur
792 3016 918 3060 schol.
941 3019 984 3059 ἐκ
1003 3021 1081 3059 τῶν
1099 3021 1282 3060 πωλικῶν
1302 3034 1345 3061 τε
1374 3019 1438 3060 καὶ
1464 3022 1610 3073 παρθε-

870 3100 890 3125 z
