1898 3256
583 216 672 255 AD
706 214 1183 256 PROMETHEUM.
1559 213 1616 255 57

203 326 302 380 363.
323 325 521 378 παρήορον
539 326 674 366 Turn.
707 325 914 377 παρήωρον
931 322 1042 364 Rob.
1073 321 1285 375 πανάωρον
1302 321 1405 363 Ald.
1439 322 1612 364 Eaedem

142 391 334 432 codicum
366 391 629 448 quorundam
662 391 856 432 lectiones
889 400 1012 438 sunt3
1045 390 1087 431 in
1121 389 1212 430 aliis
1245 388 1466 443 παράωρον.
1530 390 1611 431 Sed

148 473 285 499 veram
306 459 551 516 scripturam
583 458 783 512 παράορον
807 458 919 500 solus
948 457 1127 499 servavit
1149 458 1217 507 M,
1240 472 1290 498 ex
1312 472 1397 514 qua
1417 467 1614 514 corrupta

146 535 243 567 sunt
259 526 327 567 illa
343 526 552 580 πανάωρον
568 536 607 568 et
621 519 845 579 παράωρον.
877 525 1077 579 παρήορον
1089 524 1161 581 qui
1177 535 1425 581 posuerunt,
1440 525 1614 566 fortasse

147 594 418 635 Homericum
451 610 615 636 versum
647 594 689 635 in
721 603 858 636 mente
886 593 1126 635 habuerunt
1148 592 1270 634 Iliad.
1303 597 1358 644 H,
1392 595 1484 649 156.
1515 598 1615 635 πολ-

145 660 216 704 λὸς
235 659 311 714 γάρ
332 679 389 705 τις
410 662 535 704 ἔκειτο
556 662 753 716 παρήορος
774 662 870 704 ἔνθα
891 663 954 703 καὶ
976 662 1086 703 ἔνθα.
1164 699 1187 724 v

200 729 299 783 365.
331 729 539 780 ἰπούμενος
569 730 619 770 C.
651 738 693 770 et
724 743 808 769 var.
841 727 934 769 lect.
962 726 1004 768 in
1040 728 1093 768 B.
1128 730 1336 781 ἰπούμενος
1363 731 1407 784 (ν
1433 744 1459 770 a
1485 743 1613 770 manu

145 795 388 849 recentiore)
413 798 480 837 M.
514 795 683 852 Reliqui
704 795 825 837 codd.
845 805 888 837 et
911 795 1009 836 edd.
1032 805 1190 838 veteres
1211 797 1458 856 ἰπνούμενος.
1514 798 1615 838 Ver-

146 863 244 904 bum
268 865 383 906 ἶποῦν
403 879 454 904 ex
479 863 682 920 AEschylo
703 873 905 905 memorat
924 863 1176 906 Eustathius
1195 880 1237 921 p.
1261 866 1325 906 16.

200 931 368 983 ῥίζαισιν
390 931 536 987 Steph.
554 932 709 984 ῥίζῃσιν
729 930 833 973 Ald.
857 931 967 972 Rob.
984 932 1123 972 Turn.
1145 941 1185 973 et
1204 931 1328 974 codd.
1350 930 1549 973 nonnulli.

201 999 300 1054 367.
323 998 454 1053 ἔνθεν]
477 998 625 1040 ἐνθένδ’
651 1000 735 1040 duo
754 998 875 1040 codd.

201 1065 731 1119 ἐκραγήσονται--Σικελίας
749 1067 912 1120 λευροὺς
930 1067 1042 1123 γύας]
1075 1067 1307 1109 Praedicere
1330 1067 1408 1109 hoc
1428 1066 1518 1108 loco
1535 1067 1612 1108 fin-

142 1133 261 1190 gitur
281 1133 558 1175 Prometheus
578 1133 695 1190 quod
715 1150 759 1174 re
779 1149 875 1175 vera
894 1135 1051 1176 factum
1075 1150 1161 1176 esse
1176 1134 1332 1192 olymp.
1355 1146 1376 1189 7
1380 1145 1424 1190 5,
1444 1147 1482 1177 2.
1506 1149 1612 1175 mar-

146 1201 270 1242 moris
292 1201 403 1243 Parii
423 1201 507 1242 fide
527 1210 688 1243 constat
707 1201 749 1242 in
772 1200 957 1242 Boeckh.
981 1203 1109 1259 Corp.
1133 1203 1264 1244 Inscr.
1287 1202 1365 1244 vol.
1390 1215 1428 1245 2.
1453 1217 1496 1258 p.
1512 1214 1611 1258 302,

145 1270 216 1310 68.
240 1268 309 1321 ἆφ’
331 1269 377 1310 οὗ
396 1270 420 1320 ἡ
442 1270 486 1310 ἐν
507 1273 732 1313 Πλαταιαῖς
757 1268 865 1323 μάχη
886 1269 1047 1323 ἐγένετο
1066 1270 1294 1322 Ἀθηναίοις
1323 1271 1421 1324 πρὸς
1450 1272 1610 1324 Μαρδό-

146 1354 232 1379 νιον
260 1337 332 1378 τὸν
358 1337 509 1390 Ξέρξου
537 1337 774 1390 στρατηγὸν,
803 1336 852 1388 ἣν
883 1338 1023 1379 ἐνίκων
1053 1338 1271 1390 Ἀθηναῖοι,
1298 1339 1362 1380 καὶ
1387 1339 1614 1391 Μαρδόνιος

146 1406 406 1458 ἐτελεύτησεν
432 1407 477 1446 ἐν
501 1406 549 1462 τῇ
577 1403 700 1461 μάχῃ,
722 1405 787 1446 καὶ
813 1405 857 1446 τὸ
878 1409 953 1459 πῦρ
986 1406 1100 1458 ἐρρύη
1138 1409 1233 1447 κᾶον
1260 1408 1305 1447 ἐν
1334 1405 1498 1462 Σικελίᾳ
1523 1406 1613 1459 περὶ

146 1472 215 1523 τὴν
239 1475 398 1524 Αἴτνην,
432 1472 498 1524 ἔτη
534 1476 737 1520 ΗΗΔΙἸΙ,
770 1473 964 1526 ἄρχοντος
992 1471 1186 1525 Ἀθήνησι
1215 1474 1460 1517 Ξαντίππου.
1522 1474 1612 1514 Nec

144 1539 255 1596 fugit
283 1539 362 1581 hoc
392 1539 644 1590 scholiastas‚
676 1555 858 1596 quorum
888 1539 1113 1596 antiquior,
1141 1541 1339 1593 ποταμοὺς
1373 1542 1428 1592 δὲ,
1458 1540 1610 1597 inquit,

144 1608 266 1661 πυρὸς
295 1608 384 1651 τοὺς
414 1609 512 1648 κατὰ
542 1608 732 1649 Σικελίαν
748 1605 895 1660 ῥύακάς
934 1612 1035 1660 φησι
1064 1608 1154 1660 περὶ
1183 1610 1238 1649 ὧν
1260 1609 1454 1661 ἠκούομεν
1473 1607 1612 1651 πάλαι.

147 1677 224 1717 Καὶ
254 1678 352 1718 κατὰ
383 1676 470 1719 τοὺς
501 1675 682 1729 Ἱέρωνος
715 1677 883 1729 χρόνους
919 1678 1016 1716 κατὰ
1051 1676 1096 1716 τὸ
1130 1675 1258 1728 μέσον
1290 1676 1448 1730 ῥυέντες
1476 1678 1612 1718 πολλὰ

144 1742 373 1796 διέφθειραν
391 1744 530 1797 χωρία.
561 1742 778 1791 recentior,
797 1744 840 1783 ἐκ
857 1745 926 1794 τῆς
936 1744 1085 1794 ,Αἴτνης
1106 1743 1466 1795 ἐκσπασθήσονται·
1499 1746 1612 1784 τοῦτο

145 1810 189 1849 δὲ
210 1809 356 1862 γέγονε
387 1812 485 1852 κατὰ
514 1811 603 1854 τοὺς
624 1809 806 1864 Ἱέρωνος
835 1811 1016 1864 χρόνους,
1039 1810 1105 1851 ὅτε
1137 1810 1199 1851 καὶ
1219 1811 1423 1864 Αἰσχύλος
1451 1810 1611 1863 ἤκμαζε.

148 1876 233 1916 Pro
265 1875 466 1927 Hierone,
504 1877 536 1918 si
569 1877 802 1919 accuratius
825 1876 942 1933 loqui
975 1876 1199 1918 voluissent
1230 1876 1474 1929 scholiastae,
1503 1877 1612 1919 Gelo

145 1942 285 1999 potius
323 1943 524 1985 nominari
565 1944 798 1986 debuisset:
845 1944 912 1985 cui
951 1943 1084 1985 Hiero
1124 1943 1318 1986 successit
1356 1944 1398 1986 in
1437 1944 1612 2001 imperio

145 2009 302 2067 olymp.
325 2022 449 2066 75‚3.
496 2010 852 2068 Quinquagesimo
881 2020 977 2052 ante
999 2010 1157 2068 olymp.
1181 2012 1251 2062 88,
1272 2025 1313 2066 3.
1340 2027 1464 2062 anno,
1485 2012 1530 2053 id
1550 2021 1612 2054 est

145 2077 303 2135 olymp.
327 2080 396 2132 76,
422 2093 439 2120 1
466 2079 530 2120 vel
564 2091 602 2120 2.
627 2080 772 2120 AEtnae
803 2079 908 2120 banc
938 2078 1195 2134 eruptionem
1226 2079 1407 2135 assignat
1429 2080 1610 2137 Thucy-

144 2145 262 2187 dides
280 2159 324 2201 3,
353 2147 445 2188 116.
476 2161 610 2202 quem,
624 2146 888 2188 manifestum
910 2156 972 2187 est
991 2161 1165 2187 numero
1186 2146 1247 2187 uti
1277 2147 1472 2199 rotundo,
1496 2148 1611 2201 ἐρρύη

146 2214 187 2253 δὲ
207 2213 296 2266 περὶ
317 2213 412 2254 αὐτὸ
432 2213 476 2255 τὸ
499 2214 569 2267 ἔαρ
589 2218 704 2255 τοῦτο
725 2216 746 2255 ὁ
764 2215 862 2268 ῥύαξ
889 2217 958 2255 τοῦ
987 2214 1108 2267 πυρὸς
1139 2215 1182 2255 ἐκ
1211 2217 1277 2266 τῆς
1298 2217 1451 2267 Αἴτνης,
1475 2216 1610 2269 ὥσπερ

146 2281 210 2321 καὶ
229 2280 274 2321 τὸ
294 2281 502 2334 πρότερον.
534 2282 598 2323 καὶ
627 2284 702 2335 γῆν
732 2299 821 2323 τινα
851 2282 1011 2335 ἔφθειρε
1040 2285 1118 2322 τῶν
1145 2282 1392 2331 Καταναίων,
1415 2283 1453 2324 οἳ
1473 2284 1538 2325 ε’πὶ
1564 2286 1611 2340 τῇ

145 2349 268 2399 Αἴτνῃ
297 2350 350 2403 τῷ
381 2349 464 2401 ὄρει
491 2350 682 2397 οἰκοῦσιν,
706 2350 803 2402 ὅπερ
829 2348 1022 2403 μέγιστόν
1043 2350 1153 2390 ἐστιν
1173 2350 1263 2402 ὅρος
1293 2351 1339 2391 ἐν
1357 2352 1403 2407 τῇ
1434 2352 1609 2406 Σικελίᾳ.

144 2414 306 2468 λέγεται
325 2416 367 2456 δὲ
387 2419 640 2471 πεντηκοστῷ
662 2417 742 2457 ἔτει
770 2418 908 2469 ῥυῆναι
934 2420 1050 2457 τοῦτο
1075 2418 1176 2468 μετὰ
1195 2416 1240 2457 τὸ
1260 2418 1453 2470 πρότερον
1471 2420 1608 2470 ῥεῦμα,

145 2482 190 2522 τὸ
211 2483 255 2522 δὲ
275 2482 428 2533 ξύμπαν
447 2483 528 2535 τρὶς
547 2486 789 2536 γεγενῆσθαι
808 2483 852 2524 τὸ
870 2484 996 2536 ῥεῦμα
1017 2482 1085 2536 ἀφ’
1108 2484 1154 2524 οὗ
1174 2485 1338 2525 Σικελία
1366 2485 1443 2526 ὑπὸ
1461 2484 1610 2537 Ἑλλή-

147 2565 226 2589 νων
245 2550 417 2590 οἰκεῖται.
480 2550 549 2591 De
569 2559 754 2606 tempore
773 2549 929 2591 fabulae
949 2550 1190 2607 AEschyleae
1220 2566 1271 2591 ex
1303 2551 1366 2591 his
1396 2551 1498 2592 nihil
1523 2567 1610 2594 am-

145 2614 256 2671 plius
289 2615 480 2671 colligere
513 2615 606 2657 licet
635 2632 760 2672 quam
796 2625 890 2672 post
916 2617 1074 2673 olymp.
1103 2628 1174 2672 75,
1204 2629 1241 2657 2.
1274 2618 1467 2674 scriptam
1494 2634 1605 2661 esse:

145 2683 288 2738 paucis
306 2697 360 2723 an
380 2681 521 2724 multis
550 2691 644 2739 post
676 2683 781 2725 illud
810 2694 973 2740 tempus
1002 2684 1134 2735 annis,
1158 2684 1198 2724 in
1231 2684 1368 2726 medio
1396 2695 1459 2727 est
1487 2686 1608 2727 relin-

145 2748 374 2804 quendum.
436 2750 538 2790 Post
567 2749 722 2806 olymp.
756 2752 823 2804 76,
854 2764 894 2802 4.
926 2751 1120 2807 scriptam
1149 2765 1235 2791 esse
1266 2751 1439 2793 fortasse
1473 2767 1525 2793 ex
1558 2768 1609 2794 eo

146 2816 240 2871 quis
279 2814 444 2872 colligat
485 2816 600 2871 quod
639 2815 867 2872 tetralogia,
904 2817 946 2856 in
981 2832 1066 2872 qua
1102 2817 1376 2859 Prometheus
1406 2818 1608 2872 πυρφόρος

146 2881 241 2932 fuit,
263 2882 333 2923 illo
352 2897 461 2924 anno
480 2882 522 2923 in
544 2898 703 2924 scenam
721 2882 926 2938 producta
944 2883 1025 2924 fuit
1042 2899 1050 2923 :
1083 2899 1323 2939 quanquam
1343 2884 1422 2927 hoc
1437 2901 1608 2942 quoque

862 2963 892 2989 Η
