1898 3256
314 209 399 250 318
787 212 1279 255 ANNOTATIONES

372 329 491 373 1035.
511 317 546 370 γ’
568 319 799 360 A.B.C.M.
821 319 970 376 aliique
989 336 1082 362 cum
1102 321 1210 362 Rob.
1234 321 1366 361 Turn.
1398 320 1428 361 δ’
1450 321 1548 361 Ald.

369 385 599 439 ἐκολούσθη]
629 387 816 437 ἐκολούθη
835 387 992 442 aliquot
1011 387 1128 428 codd.
1148 396 1189 427 et
1207 386 1308 427 Ald.

372 460 491 505 1037.
512 453 751 507 ποντίαισιν]
775 456 951 497 ποντίαις
972 454 1167 495 Cantabr.
1188 452 1346 508 primus
1364 461 1405 493 et
1426 453 1534 494 Rob.

371 517 490 571 1038.
513 518 635 558 δίαινε
656 519 794 573 δίαινε]
821 521 959 570 Quum
977 535 1057 561 non
1076 521 1260 561 videatur
1274 520 1363 560 fieri
1378 534 1494 574 posse
1511 527 1556 559 ut
1571 518 1743 560 alterum

311 583 435 623 δίαινε
468 582 715 639 disyllabum
750 587 1057 641 pronuncietur,
1093 587 1312 628 videndum
1349 601 1399 627 an
1438 595 1558 641 poeta
1595 585 1745 626 dixerit

311 649 414 689 δίαιν
443 650 576 691 δίαινε.
639 651 766 692 Simili
797 668 976 709 apocope
1006 657 1084 694 παῦ
1113 668 1188 709 pro
1217 656 1316 695 παῦε
1345 651 1500 692 dictum
1529 666 1615 693 esse
1647 666 1742 706 cog-

312 715 490 756 noscitur
519 731 569 756 ex
601 717 751 758 Photio
780 734 819 774 p.
847 732 946 774 403,
967 733 1008 771 4.
1040 720 1149 760 unde
1179 718 1448 774 Aristophani
1478 718 1623 773 Equit.
1649 719 1742 759 821.

310 780 541 822 restitutum
563 792 623 823 est
642 787 721 824 παῦ
738 785 824 825 παῦ’
845 787 965 835 οὗτος,
989 787 1060 827 ubi
1079 786 1171 827 libri
1191 786 1332 827 vitiato
1352 795 1481 826 metro
1497 785 1584 826 παῦ’
1598 786 1742 826 οὑτοσί.

312 848 505 888 Ceterum
527 859 671 904 sponte
695 851 939 906 intelligitur
967 867 1174 908 apocopen
1204 853 1308 893 hanc
1336 852 1392 893 ibi
1421 860 1580 892 tantum
1609 851 1743 892 locum

310 913 459 954 habere
500 914 571 955 ubi
609 915 716 956 idem
755 918 927 959 verbum
966 927 1185 974 repetatur.
1260 920 1408 975 Itaque
1444 918 1667 973 AEschylus
1705 929 1746 959 et

311 980 608 1036 Aristophanes
634 993 741 1024 recte
768 983 900 1025 dicere
926 993 1150 1039 potuerunt
1179 986 1280 1026 δίαιν
1309 987 1429 1026 δίαινε
1459 994 1499 1025 et
1525 987 1603 1025 παῦ
1630 986 1742 1031 παῦε,

310 1062 390 1088 non
413 1048 638 1103 potuissent
658 1050 892 1106 simpliciter
911 1051 1013 1092 δίαιν
1031 1060 1071 1091 et
1091 1054 1182 1091 παῦ.

367 1113 416 1168 δ’]
442 1113 473 1154 τ’
497 1115 597 1156 Ald.
619 1116 730 1158 Rob.

371 1195 491 1236 1039.
508 1185 593 1224 αἰαῖ
606 1185 689 1225 αἰαῖ
706 1185 776 1225 δύα
792 1184 876 1238 δύα]
895 1185 1023 1223 Hune
1038 1197 1198 1223 versum
1216 1192 1256 1223 et
1271 1182 1608 1238 antistrophicum
1624 1194 1745 1236 1047.

310 1249 504 1299 διαίνομαι
524 1250 684 1302 γόεδνος
703 1251 758 1291 ὥν
777 1250 1025 1305 transposuit
1045 1249 1240 1290 Butlerus
1267 1250 1500 1305 conjectura
1529 1249 1743 1305 probabili.

310 1314 350 1355 αἲ
370 1314 497 1355 sexies
516 1315 556 1356 in
580 1316 775 1357 Cantabr.
795 1315 939 1372 prium,
960 1315 1084 1356 octies
1102 1315 1142 1355 in
1165 1315 1296 1356 Paris.
1321 1330 1413 1356 uno.
1436 1315 1475 1356 αἲ
1494 1315 1556 1356 bis
1570 1315 1609 1355 in
1633 1315 1743 1356 Rob.

311 1381 406 1422 Vid.
427 1381 479 1422 ad
500 1397 539 1422 v.
560 1395 679 1423 1010.

370 1461 489 1499 1040.
517 1449 637 1500 1048.
659 1465 729 1489 νυν
749 1448 954 1489 Pauwius.
985 1451 1054 1489 νῦν
1073 1447 1180 1488 libri.

370 1528 489 1566 1041.
529 1513 640 1556 δόσιν
670 1517 790 1555 κακὰν
820 1519 945 1555 κακῶν
974 1514 1120 1569 κακοῖς]
1153 1515 1276 1554 Verte
1306 1515 1563 1555 Additz'onem
1593 1516 1745 1555 malam

309 1581 511 1621 malorum
536 1582 745 1636 prioribus
776 1581 909 1621 malis.
939 1580 1086 1636 Eurip.
1115 1580 1277 1621 Hecub.
1296 1582 1395 1635 586.
1424 1583 1526 1633 λύπη
1556 1598 1613 1624 τις
1641 1583 1744 1633 ἄλλη

307 1647 487 1700 διάδοχος
507 1651 632 1687 κακῶν
663 1651 803 1689 κακοῖς.
839 1646 1030 1701 Sophocl.
1061 1647 1179 1702 Ajac.
1212 1647 1308 1688 866.
1340 1646 1459 1690 πόνος
1486 1647 1592 1703 πόνῳ
1621 1647 1746 1689 πόνον

308 1712 434 1765 φέρει.
494 1714 561 1754 De
581 1713 817 1768 hujusmodi
837 1712 1144 1768 repetitionibus
1163 1712 1245 1754 vid.
1269 1712 1451 1754 Lobeck.
1471 1713 1524 1754 ad
1553 1713 1741 1769 Sophocl.

310 1779 383 1834 Aj.
406 1794 447 1834 p.
472 1790 564 1834 297.
588 1779 781 1821 Schaefer.
803 1779 857 1820 ad
877 1779 1029 1820 Electr.
1052 1791 1145 1832 272.
1178 1779 1401 1819 BLOMF.
1470 1765 1489 1777 ⁶

375 1858 492 1899 1043.
514 1847 735 1886 ὀτοτοτοτοῖ
753 1847 818 1886 Μ.
839 1845 987 1900 aliique
1005 1859 1097 1885 cum
1117 1844 1260 1900 steph.
1294 1845 1361 1885 Sic
1380 1844 1500 1885 etiam
1515 1845 1615 1887 Ald.
1636 1846 1743 1886 Rob.

310 1910 386 1951 nisi
406 1912 519 1967 quod
539 1914 691 1953 ὀτοττοί
707 1911 880 1952 addunt.
941 1910 1122 1966 Simplex
1150 1911 1322 1951 ὀττοττοὶ
1350 1920 1409 1951 est
1435 1910 1475 1951 in
1499 1913 1633 1953 Turn.
1693 1913 1744 1952 In

309 1977 397 2018 aliis
416 1978 624 2019 codicibus
644 1978 810 2034 syllabae
830 1978 892 2018 vel
914 1977 1050 2033 plures
1065 1977 1129 2018 vel
1148 1976 1370 2032 pauciores.
1402 1977 1742 2019 Verisimillimum

310 2043 474 2085 videtur
492 2045 558 2084 vel
577 2059 758 2099 paeonem
781 2059 866 2084 esse
891 2043 1188 2084 restituendum
1215 2045 1391 2083 ὀτοτοτοῖ
1416 2043 1478 2084 vel
1509 2044 1743 2085 dochmium

309 2111 629 2156 ὀτοτοτοτοτοτοῖ,
652 2110 883 2164 pariterque
904 2109 944 2149 in
964 2109 1219 2164 antistropho
1239 2125 1278 2149 v.
1299 2122 1418 2163 1051.

372 2189 490 2227 1044.
520 2175 664 2228 βαρεῖά
693 2177 729 2228 γ’
750 2175 818 2216 ἃδε
843 2174 1043 2228 συμφορά]
1068 2176 1196 2215 Hunc
1217 2190 1378 2215 versum
1400 2175 1534 2216 Xerxi
1556 2175 1744 2216 tribuunt

311 2242 417 2283 libri.
477 2241 667 2282 Correxit
687 2242 798 2282 E.R.
816 2240 1015 2296 LangiuS.

367 2308 435 2350 ἅδε
456 2309 634 2349 A.C.M.
655 2307 814 2362 aliique.
847 2306 903 2348 ἅδ’
925 2309 950 2347 ἁ
970 2306 1107 2362 vulgo,

370 2389 489 2429 1045.
512 2374 548 2416 οἲ
568 2376 631 2414 Μ.
654 2374 804 2430 aliique
823 2379 866 2415 et
887 2374 1014 2414 Paris.
1037 2388 1144 2414 unus
1163 2389 1256 2414 cum
1278 2374 1380 2415 Ald.
1398 2374 1506 2415 Rob.
1532 2376 1634 2426 οἴμοι
1652 2375 1746 2416 libri

310 2441 467 2497 reliqui.

371 2518 492 2560 1047.
514 2507 688 2561 γόεδνος]
709 2506 867 2559 γέεδνος
888 2507 955 2546 Μ.
985 2523 1032 2559 γε
1052 2506 1163 2549 ε’δνὸς
1185 2507 1323 2561 Mosq.

370 2586 489 2628 1049.
508 2573 646 2625 μέλειν
665 2572 848 2628 πάρεστι]
871 2573 1019 2627 sz'us
1037 2586 1140 2612 cura
1156 2573 1282 2614 adest.
1317 2573 1622 2613 ABRESCH.
1648 2572 1745 2623 μέλ-

308 2646 396 2682 λειν
415 2639 572 2694 aliquot
592 2638 709 2679 codd.
732 2647 773 2678 et
796 2638 896 2678 Ald.

370 2717 491 2760 1051.
511 2705 752 2760 ὀτοτοτοτοῖ]
771 2703 854 2744 Ηὶο
873 2719 1040 2759 quoque
1059 2703 1181 2759 pauci
1200 2703 1355 2744 codices
1375 2704 1415 2744 in
1439 2718 1606 2744 numero
1626 2703 1746 2759 sylla-

310 2774 455 2813 barum
477 2770 660 2812 nonnihil
678 2770 849 2810 variant.
910 2771 1016 2810 Cum
1047 2769 1246 2825 scriptura
1267 2769 1434 2825 vulgata
1460 2769 1657 2810 consentit
1680 2770 1743 2810 M.

313 2839 402 2880 Vid.
422 2837 474 2878 ad
498 2853 535 2878 v.
555 2849 677 2890 1043.

369 2914 489 2958 1052.
511 2906 578 2946 Ξε.
599 2902 767 2953 μέλαινα
787 2900 817 2943 δ’
839 2902 886 2942 αὖ
906 2902 1105 2954 μεμίξεται
1129 2918 1194 2952 μοι
1218 2900 1226 2956 Ι
1251 2905 1324 2944 Χο.
1355 2900 1578 2944 στονόεσσα
1606 2901 1740 2954 πλαγά
