1898 3178
713 143 1076 184 PRAEFATIO.
1602 145 1629 183 5

164 256 202 302 Ι.
228 257 283 302 Ε.
307 271 348 316 5.
384 258 656 304 chartaceus
691 255 836 302 seculi
870 273 935 312 14.
996 254 1071 300 De
1095 256 1302 315 quinque
1327 270 1441 314 quas
1476 256 1627 301 codex

163 333 494 394 complectitur
554 333 724 379 fabulis
782 332 1192 394 Agamemnonem
1250 347 1360 378 cum
1420 332 1628 377 editione

164 411 433 457 Blomfieldi
473 410 675 456 contulit
718 409 970 455 Elmsleius
1007 413 1375 469 excerptamque
1412 409 1627 455 lectionis

162 487 482 532 diversitatem
516 486 666 532 edidit
697 487 745 531 in
780 485 955 532 Museo
992 487 1156 531 critico
1186 485 1407 531 Cantabr.
1445 487 1554 532 fasc.
1587 504 1625 544 7.

162 579 207 624 p,
230 577 331 622 457.
355 563 590 624 praemissa
611 563 898 609 accuratiore
919 563 1091 608 codicis
1115 562 1428 623 descriptione
1450 563 1564 609 hac:

227 647 253 665 “
269 639 477 686 Primam
511 639 649 700 hujus
683 640 856 686 codicis
892 641 1184 685 mentionem
1219 641 1371 700 reperi
1405 641 1530 700 apud
1570 640 1624 687 Ρ.

163 717 431 765 Victorium
465 717 514 762 in
547 717 723 778 praefat.
759 718 819 763 ad
859 717 1132 778 AEschylum
1171 717 1244 762 his
1279 717 1432 763 verbis
1471 724 1482 742 ‘
1501 719 1626 777 quod

162 809 272 839 vero
295 795 352 840 ad
377 793 790 856 Agamemnonem
824 794 1044 855 pertinet,
1068 810 1128 839 ne
1153 794 1403 854 quicquam
1438 795 1628 840 omitte-

162 886 318 917 remus
342 871 468 931 quod
490 872 550 917 ad
574 872 674 931 ejus
709 871 1058 917 restitutionem
1083 871 1272 925 faceret,
1297 887 1443 930 quum
1475 873 1629 916 audis-

162 962 318 994 semus
372 948 536 994 R-omae
592 949 642 993 in
695 948 983 994 bibliotheca
1028 947 1291 994 Alexandri
1338 948 1628 994 Fal-nesii—

161 1025 371 1087 AEschyli
394 1026 616 1071 volumen
639 1026 852 1079 inveniri,
876 1025 926 1071 in
949 1041 1042 1086 quo
1066 1026 1166 1071 haec
1190 1025 1349 1071 fabula
1376 1025 1626 1086 legeretur,

161 1103 494 1148 conferendam
528 1117 646 1156 eam,
677 1117 705 1148 a
738 1101 872 1147 nobis
896 1104 1191 1164 descriptam,
1217 1104 1481 1148 curavimus
1517 1118 1626 1148 cum

161 1195 217 1225 eo
241 1179 512 1240 exemplari.
582 1179 640 1225 In
663 1195 756 1239 quo
779 1180 913 1227 nobis
938 1197 1128 1242 operam
1162 1197 1296 1228 suam
1330 1183 1520 1228 fidelem
1556 1189 1627 1228 at-

161 1273 252 1317 que
289 1257 522 1303 eruditam
557 1257 756 1317 praebuit
797 1257 1064 1305 Gulielmus
1103 1258 1318 1315 Sirletus,
1358 1265 1413 1304 ut
1455 1265 1627 1305 cuncta

161 1334 412 1396 diligenter
432 1339 619 1380 notaret
643 1349 745 1394 quae
769 1333 906 1380 aliter
926 1335 1023 1382 illic
1051 1336 1334 1398 legerentur.
1406 1336 1510 1382 Nos
1545 1352 1627 1382 au-

161 1417 261 1457 tem
301 1416 465 1472 postea
503 1411 808 1457 varietatibus
844 1412 936 1458 illis
977 1414 1229 1475 diligenter
1267 1415 1537 1474 ponderatis
1577 1416 1627 1460 in

161 1504 266 1535 eam
290 1489 558 1550 opinionem
582 1489 796 1535 venimus
829 1495 884 1535 ut
918 1496 1131 1537 nostrum
1166 1491 1339 1536 librum
1369 1507 1465 1537 non
1496 1492 1627 1538 dete-

160 1565 330 1612 riorem
353 1566 435 1612 illo
457 1572 755 1627 putaremus:
791 1583 846 1613 ac
874 1583 1095 1628 magnam
1126 1573 1310 1628 partem
1334 1584 1498 1614 eorum
1522 1584 1625 1628 quae

160 1643 337 1689 variata
365 1644 415 1689 in
448 1660 505 1690 eo
528 1644 842 1699 offenduntur,
866 1646 1167 1690 immutatam
1202 1645 1261 1690 ab
1284 1644 1441 1704 aliquo
1466 1647 1626 1691 crede-

161 1735 331 1775 remus,
371 1721 451 1780 qui
495 1722 545 1766 in
585 1737 691 1767 suos
729 1723 955 1781 quosdam
1002 1737 1162 1767 versus
1198 1722 1447 1767 restituere
1494 1722 1623 1767 chori

159 1803 326 1843 cantus
363 1797 578 1844 voluerit.
632 1814 753 1860 saepe
799 1800 926 1845 enim
972 1798 1133 1843 addita
1171 1803 1254 1843 aut
1295 1798 1488 1859 dempta
1525 1799 1623 1844 illic

161 1875 373 1933 quaedam
396 1875 713 1936 cognovimus,
737 1891 840 1936 quae
874 1875 1120 1921 consilium
1154 1874 1299 1935 ipsius
1321 1876 1625 1935 adjuvarent?

162 1950 408 1997 Hactenus
455 1951 711 1999 Victorius.
783 1952 962 2005 Codex,
1010 1951 1069 1996 de
1114 1966 1207 2011 quo
1253 1951 1473 2011 loquitur,
1515 1969 1624 1998 cum

161 2026 339 2087 reliqua
363 2026 690 2073 Farnesiorum
723 2026 911 2073 libraria
939 2027 1232 2087 supellectile
1267 2043 1393 2074 nunc
1418 2029 1624 2090 Neapoli

160 2109 316 2149 exstat
345 2104 393 2148 in
423 2103 574 2165 Regio
601 2103 787 2149 Museo.
861 2103 1098 2150 Paschalis
1130 2104 1307 2150 Baffius
1342 2108 1466 2166 apud
1503 2107 1628 2153 Har-

160 2180 326 2226 lesium
375 2180 527 2226 Novae
583 2180 893 2227 Bibliothecae
941 2181 1116 2228 Graecae
1153 2182 1438 2229 Fabricianae
1483 2184 1535 2230 T.
1582 2202 1625 2244 5.

159 2273 204 2318 p.
230 2262 328 2316 776.
352 2259 420 2304 ita
442 2273 553 2304 eum
576 2258 824 2305 describit:
861 2277 933 2320 33.
956 2258 1174 2323 AEsckyli
1197 2260 1434 2323 Προμηθεὺς
1469 2262 1626 2324 δεσμώ-

159 2354 246 2390 της,
281 2333 384 2380 ἑπτὰ
421 2331 485 2380 ἐπὶ
520 2334 686 2391 Θήβας,
721 2334 901 2397 Πέρσαι,
936 2335 1216 2398 Ἀγαμέμνων,
1250 2337 1486 2398 Εὖμενῖδες,
1522 2357 1622 2386 cum

153 2409 319 2474 ,qlossis
376 2410 759 2466 interlineali-ihu&
817 2418 859 2459 et
913 2411 1098 2459 scholiis
1154 2415 1351 2478 maoyin.
1405 2417 1621 2478 antiquis,

165 2486 352 2534 Thomce
372 2487 611 2551 Mayistri,
637 2494 678 2534 et
700 2487 930 2536 Demetrii
957 2490 1189 2537 Triclinii.
1252 2491 1403 2550 Quum
1437 2492 1623 2539 scholiis

165 2562 388 2610 Triclinii
405 2563 517 2626 fere
542 2571 763 2627 perpetuo
793 2567 1063 2631 prcefiyatur
1085 2568 1274 2628 ἡμέτερα,
1299 2574 1341 2614 et
1375 2569 1511 2615 initio
1535 2575 1623 2627 Δη-

159 2638 328 2703 μητρίου
366 2645 435 2687 τοῦ
474 2639 714 2704 Τρικλινῖοιι,
761 2644 902 2691 eodem
945 2643 1021 2690 hic
1059 2643 1349 2705 bombycinus
1384 2652 1463 2692 uui
1503 2645 1622 2694 αὐτό-

158 2725 317 2781 γραφος
339 2723 415 2771 est,
439 2724 519 2764 aut
551 2735 610 2765 em
632 2719 873 2785 αὖτογράφῳ
896 2721 1148 2783 descriptus
1167 2739 1181 2766 :
1218 2727 1334 2767 certe
1366 2723 1525 2770 soeeuli
1557 2731 1622 2772 est

164 2811 229 2851 14.
264 2793 328 2840 ad
344 2793 490 2855 finem
526 2797 759 2859 veryentiS,
801 2813 888 2858 quo
924 2804 1120 2860 tempore
1160 2797 1416 2846 Triclinius·
1435 2801 1619 2862 floruit.
