1898 3256
372 230 461 271 AD
493 229 748 272 SEPTEM
780 228 1114 270 ADVERSUS
1147 229 1414 270 THEBAS.
1539 229 1624 269 203

158 340 348 399 Choeph.
369 354 442 397 32.
466 343 561 397 278.
583 353 681 398 379.
703 342 831 384 Eum.
852 343 950 398 364.
984 341 1181 398 Sophoel.
1205 343 1354 398 Antig.
1375 352 1496 396 1275.
1530 342 1623 382 Eu-

158 409 236 466 rip.
270 410 428 452 Troad.
448 422 571 464 1277.
603 410 756 453 Bacch.
784 420 906 466 1105.
939 409 1153 451 Heraclid.
1188 421 1283 464 271.
1318 408 1470 451 Helen.
1498 422 1622 464 1313.

159 478 210 519 In
240 477 428 535 Choeph.
453 480 549 534 839.
581 494 660 536 pro
689 479 883 533 ἀμφέρειν
908 478 1131 535 legendum
1162 488 1224 520 est
1255 478 1304 518 ἂν
1336 477 1489 531 φέρειν.
1553 476 1620 517 Cf.

158 547 390 588 Hermann.
411 546 465 588 de
486 548 583 589 Em.
607 548 684 589 Gr.
707 548 783 590 Gr.
806 563 847 604 p.
869 547 965 603 59.''
997 547 1230 589 BLOMF.

212 626 442 677 ὠκύποινος,
480 627 620 668 Citam
648 641 815 684 poenam
839 627 1011 682 firens.
1073 627 1231 667 Contra
1261 626 1543 678 ὑστερόποινος
1572 624 1624 665 de

157 708 279 750 poena
301 693 409 751 pede
432 693 583 736 claudo
612 695 765 737 dicitnr
786 697 942 752 Agam.
963 695 1034 750 58.
1065 695 1350 747 ὑστερόποινον
1370 692 1529 744 Πέμπει
1548 709 1623 733 πα·

154 765 330 815 ραβᾶσιν
348 762 522 817 Ἐρινύν.
548 763 737 820 Choeph.
758 764 856 818 380.
878 763 1164 816 ὑστερόποινον
1184 762 1294 803 ἄταν.
1332 760 1564 802 BLOMF.

211 852 308 896 744.
333 843 436 884 Post
455 842 567 895 μένει
587 854 768 899 ponatur
789 842 919 883 colon.

213 920 309 975 748.
340 921 579 977 θνήσκοντα]
608 921 880 963 Scribendum
915 920 1139 962 θνάσκοντα
1170 935 1264 961 cum
1298 919 1511 961 codicibus
1536 918 1622 975 ple-

156 1012 294 1068 risque
313 1021 356 1053 et
378 1012 522 1069 steph.
554 988 779 1054 θνόσκοντα
801 1014 865 1053 M.

213 1090 309 1136 750.
332 1081 555 1136 ἆβουλίαις]
578 1082 752 1136 ἀβουλίᾳ
774 1082 840 1122 Μ.
862 1080 1015 1136 aliique
1036 1079 1234 1121 nonnulli.

215 1161 311 1204 751.
332 1150 530 1204 ἐγείνατο]
557 1150 718 1202 γείνατο
742 1151 806 1191 Μ.
827 1148 980 1205 aliique
1000 1157 1042 1189 et
1064 1148 1176 1189 Rob.

214 1226 309 1273 752.
348 1218 566 1259 Οἰδιπόδαν
607 1218 932 1274 superscriptum
975 1217 1015 1257 in
1059 1218 1110 1258 B.
1163 1217 1358 1257 Οἰδίποδα
1396 1215 1493 1257 edd.
1529 1226 1624 1257 ante

156 1285 429 1327 Brunckium.

212 1364 308 1409 752.
332 1364 428 1410 753.
448 1354 489 1395 in
514 1369 643 1395 unum
667 1353 949 1410 conjungendi
970 1362 1012 1395 et
1032 1353 1074 1394 in
1095 1352 1356 1409 antistropho
1378 1355 1475 1407 760.
1500 1355 1597 1406 761.

212 1434 235 1476 7
239 1434 310 1478 53.
347 1421 630 1473 Constructio,
665 1421 963 1479 interpretibus
994 1421 1131 1463 minus
1161 1431 1392 1479 perspecta,
1425 1421 1516 1464 haec
1550 1432 1623 1464 est.

155 1490 254 1532 ἔτλα
292 1490 459 1543 σπείρας
496 1490 606 1543 ῥίζαν
641 1491 912 1543 αἱματόεσσαν
952 1491 1049 1543 πρὸς
1089 1491 1262 1543 ἄρουραν
1300 1490 1353 1542 μὴ
1393 1492 1534 1543 ἁγνὰν,
1577 1490 1624 1532 ἵν’

156 1557 319 1612 ἐτράφη.
353 1558 588 1599 BLOMF.

212 1625 265 1677 μὴ
284 1626 399 1681 πρὸς]
423 1626 569 1679 ματρὸς
590 1626 713 1666 L.M.
734 1626 878 1678 μητρὸς
901 1627 1037 1666 Turn.
1063 1626 1207 1682 Steph.

215 1699 313 1754 756.
337 1698 451 1754 ἔτλα]
473 1691 567 1750 ἔτλῆ
589 1699 655 1739 VI.

214 1766 384 1823 συνᾶγε]
407 1766 611 1820 συνάγαγε
631 1766 725 1808 libri
747 1767 881 1809 multi.

213 1851 309 1896 757.
331 1842 571 1896 φρενώλεις]
596 1831 804 1895 φρενώλῧὲ
824 1841 892 1882 Μ.

215 1920 310 1964 759.
359 1909 517 1964 πίτνον]
565 1910 705 1951 πιτνὸν
744 1908 839 1950 edd.
881 1918 977 1951 ante
1020 1908 1297 1950 Brunckium.
1356 1910 1500 1950 πίπτον
1538 1909 1625 1951 duo

155 1975 280 2018 codd.

214 2046 310 2098 760.
341 2045 548 2102 τρίχαλον]
582 2047 810 2102 Trffiduvn.
845 2045 1073 2103 AEschylus
1103 2046 1276 2087 innuere
1303 2045 1469 2087 videtur
1499 2063 1623 2099 τρικυ-

154 2114 261 2165 μίαν.
293 2113 524 2155 BLOMF.
556 2113 757 2168 τροχαλὸν
775 2113 934 2170 aliquot
958 2113 1079 2155 codd.
1141 2113 1304 2155 Eodem
1335 2123 1507 2155 accentu
1540 2114 1624 2156 for-

157 2193 262 2222 tasse
291 2181 333 2222 in
362 2181 452 2223 aliis
481 2183 675 2236 τριχαλόν
705 2183 904 2239 scriptum
941 2182 1037 2234 fuit,
1066 2181 1421 2239 quemadmodum
1458 2184 1623 2237 διχαλός

154 2248 274 2290 scribi
295 2248 413 2301 solet,
432 2249 486 2291 de
505 2265 591 2307 quo
610 2250 696 2292 dixi
718 2250 760 2292 in
782 2251 1004 2292 Thesauro
1027 2250 1240 2307 Stephani.

211 2318 306 2370 762.
338 2318 459 2373 ἀλκὰ]
491 2319 620 2360 ἀλκὰν
640 2319 781 2375 Mosq.
811 2318 1031 2360 secundus.
1065 2324 1095 2343 ‘⁶
1117 2319 1233 2369 ἀλκὴ,
1256 2318 1454 2359 defensio.
1517 2319 1622 2360 Vide

153 2399 277 2440 supra
298 2400 336 2426 V.
359 2386 425 2438 76.
448 2386 562 2427 τείνω
587 2396 726 2427 autem
756 2386 1013 2428 intransitive
1042 2387 1226 2443 ponitur,
1251 2396 1296 2427 ut
1327 2402 1455 2443 supra
1485 2388 1620 2439 ἀείρει.

154 2453 285 2493 Recte
306 2452 565 2508 Burgessius‚
592 2454 752 2495 Turris
771 2454 903 2495 solum
924 2455 1104 2496 latitudo
1128 2456 1245 2496 brevi
1273 2455 1498 2497 intervallo
1520 2470 1622 2511 pro-

117 2565 121 2569 ,
153 2520 276 2568 hibet,
314 2535 396 2577 quo
444 2523 585 2562 minus
632 2522 875 2564 obruamur.
930 2522 1235 2564 Wakefieldius
1280 2522 1456 2564 advocat
1496 2524 1618 2566 Arat.

156 2587 305 2630 Phaen.
329 2600 425 2644 299.
456 2590 598 2643 ὀλίγον
628 2592 671 2632 δὲ
702 2593 766 2632 διὰ
795 2592 917 2642 ξύλον
941 2590 1044 2632 'Aio’
1066 2592 1204 2644 ἐρύκει.
1266 2590 1395 2632 Adde
1425 2590 1547 2632 Iliad.
1569 2595 1620 2632 Ο.

155 2655 253 2698 628.
273 2655 326 2697 de
346 2656 497 2707 nautis,
519 2658 661 2699 τυτθὸν
680 2660 756 2711 γὰρ
772 2657 835 2700 ὑπ’
858 2660 901 2700 ἐκ
921 2658 1106 2700 θανάτοιο
1137 2658 1340 2712 φέρονται.
1404 2658 1621 2699 Videndus

155 2733 215 2764 est
238 2722 545 2765 Valckenaerius
565 2724 700 2766 Diatr.
722 2741 818 2781 pag.
838 2739 933 2782 239.
953 2727 1006 2767 B.
1030 2727 1104 2782 qui
1126 2725 1383 2782 praetervidit
1403 2725 1620 2767 ‚Iuvenalis

155 2789 260 2831 illud
298 2791 416 2831 XII.
446 2802 517 2845 57.
556 2793 587 2832 I
613 2807 742 2843 nunc,
779 2799 818 2834 et
850 2798 985 2834 venti-s·
1012 2795 1200 2834 animam
1233 2795 1452 2844 committe,
1483 2795 1619 2836 dolato

157 2859 351 2913 Confisus
379 2858 514 2914 ligno,
535 2859 688 2916 digitis
713 2874 741 2900 a
770 2866 900 2901 morte
928 2867 1108 2902 remotus
1132 2862 1335 2909 Quattuor,
1357 2868 1433 2903 aut
1452 2869 1616 2917 septem,

155 2925 192 2966 si
212 2925 271 2966 sit
288 2925 497 2967 latissima
517 2927 666 2969 taeda.''
698 2928 929 2969 BLOMF.

833 3007 945 3037 CC2
