1898 3256
659 218 749 259 AD
780 217 1032 260 PERSAS.
1494 217 1597 263 299¹

172 330 358 385 ἀροῦμεν]
383 330 538 383 ἄρωμεν
559 329 670 370 Rob.
716 329 901 371 Primam
921 328 962 369 in
984 329 1078 382 ἀρῶ,
1101 327 1216 384 quod
1238 336 1359 370 vetus
1378 341 1441 370 est
1458 328 1576 370 futu·

113 412 206 439 rum
238 397 292 439 ab
322 398 451 451 ἀείρω,
483 396 649 453 longam
680 412 767 438 esse
796 396 947 438 docent
968 397 1180 438 Porsonus
1208 395 1262 437 ad
1284 396 1436 454 Eurip.
1458 395 1577 438 Med.

116 465 210 517 848.
232 464 456 506 Elmsleius
474 464 528 506 ad
550 463 764 506 Heraclid.
785 476 884 520 323.
917 464 1150 506 BLOMF.

175 535 270 588 796.
292 533 442 588 τόποις]
463 534 620 587 τρόποις
641 533 707 574 Μ.

172 610 269 657 797.
292 601 467 656 κυρήσει]
489 602 622 655 κύρσει
642 601 752 642 Rob.

172 667 329 710 Darius
347 668 462 709 chori
482 684 612 726 spem,
634 684 759 725 quam
782 668 825 710 in
844 668 916 711 illo
936 668 1119 711 exercitu
1140 678 1351 727 posuerat,
1369 669 1432 710 his
1446 668 1583 711 verbis

115 735 329 792 infringit:
363 737 534 778 minime
567 751 664 779 vero
696 737 891 779 delectam
922 752 1095 779 manum
1129 739 1370 795 recipietis3
1413 738 1497 778 imo
1531 752 1583 778 ne

115 805 186 846 ille
216 806 380 862 quidem
410 807 632 856 exercitus,
665 807 738 863 qui
773 807 1003 847 etiamnum
1038 807 1084 847 in
1119 807 1291 848 Graecia
1321 806 1491 847 relictus
1523 811 1585 848 est

115 873 261 914 salvus
280 873 446 915 redibit.
507 874 616 915 Haec
635 882 677 915 et
698 874 911 930 sequentia
933 873 1134 915 divinitus
1159 889 1184 915 a
1205 873 1338 915 Dario
1357 872 1557 914 dicuntur
1568 889 1581 925 3

117 950 227 982 certe
252 941 420 983 aliunde
450 941 551 983 nihil
582 942 636 983 de
667 942 852 984 exercitu
882 942 954 984 illo
984 942 1062 984 sub
1091 941 1285 999 auspiciis
1307 941 1521 983 Mardonii
1539 941 1584 983 in

120 1008 287 1051 Graecia
305 1008 447 1051 relicto
466 1020 691 1065 acceperat.
726 1010 859 1051 SCH.

177 1078 273 1133 798.
296 1077 476 1129 Chorus,
497 1077 565 1119 cui
585 1078 758 1120 nuntius
777 1077 880 1120 nihil
900 1078 953 1120 de
972 1088 1091 1135 parte
1109 1077 1321 1135 copiarum
1347 1090 1584 1121 remanente

118 1155 374 1197 narraverat,
411 1146 526 1188 haud
557 1146 645 1188 sine
674 1162 799 1189 causa
830 1147 1004 1189 miratur
1043 1147 1086 1189 id
1126 1147 1241 1204 quod
1280 1147 1405 1189 modo
1444 1162 1582 1204 regem

119 1213 322 1255 dicentem
343 1214 573 1256 audiverat.
607 1216 738 1256 SCH.

179 1283 275 1324 800.
305 1283 450 1335 παῦροί
470 1300 518 1336 γε
537 1285 717 1338 πολλῶν]
746 1282 866 1324 Infra
882 1292 1004 1337 1017.
1037 1281 1159 1337 “Ορᾶς
1178 1284 1223 1325 τὸ
1243 1283 1388 1326 λοιπὸν
1407 1285 1497 1326 τόδε
1517 1287 1586 1328 τᾶς

122 1353 216 1404 ἐμᾶς
250 1354 400 1396 στολᾶς
414 1352 588 1400 ς-Βαιά
619 1351 669 1406 γ’,
703 1353 755 1395 ὡς
790 1352 869 1393 ἀπὸ
902 1356 1079 1393 πολλῶν.
1113 1352 1312 1410 Thucyd.
1343 1366 1384 1408 ¹7,
1418 1352 1485 1407 87.
1523 1353 1587 1394 καὶ

120 1422 252 1474 ὀλίγοι
272 1421 349 1463 ἀπὸ
369 1425 534 1463 πολλῶν
555 1421 613 1464 ἐπ’
628 1423 744 1463 ὀἴκου
764 1422 1057 1473 ἀπενόστησαν.
1090 1422 1324 1463 BLOMF.

179 1488 275 1530 801.
299 1488 581 1544 θεσφάτοισιν]
608 1489 693 1530 Hic
713 1498 856 1546 aperte
876 1488 1017 1545 prodit
1039 1488 1194 1530 Darius
1215 1504 1257 1530 se
1277 1488 1355 1530 ista
1375 1502 1472 1544 quae
1496 1487 1587 1543 jam

121 1555 310 1599 dicturus
329 1557 396 1608 sit,
416 1572 468 1598 ex
488 1557 664 1599 oraculis
683 1557 882 1598 divinare.
915 1557 1048 1597 SCH.

180 1625 279 1668 802.
319 1625 555 1680 βλέψαντα]
593 1624 823 1677 βλέποντας
855 1624 964 1666 Rob.
1010 1623 1227 1678 βλέψοντα
1257 1624 1396 1666 Viteb.
1433 1623 1585 1680 Eurip.

123 1692 220 1749 Iph.
243 1694 302 1734 A.
323 1706 396 1744 141
411 1706 448 1734 Ι.
482 1696 657 1734 Μᾶλλον
687 1694 731 1734 δὲ
761 1695 936 1745 λέκτρων
960 1695 1043 1733 σῶν
1063 1693 1185 1735 πόθος
1213 1691 1250 1744 μ’
1275 1691 1495 1746 ἐσέρχεται,
1519 1693 1590 1735 Εἷς

122 1761 195 1813 τὴν
214 1763 338 1815 φύσιν
355 1761 588 1814 βλέψαντα·
619 1762 787 1815 γενναία
806 1763 882 1814 γὰρ
904 1760 952 1801 εἶ.
985 1760 1216 1801 BLOMF.

181 1831 228 1871 οὗ
246 1832 296 1871 τὰ
314 1831 402 1882 μὲν,
433 1831 482 1870 τὰ
501 1828 531 1870 δ’
554 1829 615 1885 οὔ]
637 1828 786 1885 Eut-ip.
811 1827 910 1869 Hel.
933 1840 1029 1883 952.
1063 1831 1187 1869 Δυοῖν
1207 1830 1283 1881 γὰρ
1305 1829 1450 1876 ὄντοιν,
1473 1829 1547 1882 οὐχ
1568 1830 1589 1869 ὁ

123 1899 198 1951 μὲν
218 1897 390 1951 τλήμων,
419 1899 439 1939 ὁ
471 1897 502 1938 δ’
532 1898 590 1939 οὔ.
615 1896 836 1954 Phocylid.
857 1912 925 1953 ap.
951 1896 1085 1937 Strab.
1109 1909 1176 1937 10.
1199 1911 1239 1952 p.
1261 1897 1360 1950 487.
1394 1897 1471 1938 Καὶ
1501 1897 1592 1938 τόδε

124 1965 375 2008 Φωκυλιὸέω·
406 1966 544 2019 Λέριοι
561 1967 684 2007 κακοί·
716 1966 791 2019 οὐχ
811 1967 832 2005 ὁ
853 1967 941 2017 μὲν,
963 1965 1007 2008 ὃς
1028 1964 1058 2005 δ’
1076 1966 1134 2007 οὔ·
1168 1965 1340 2012 Πάντες,
1357 1964 1464 2015 πλὴν
1480 1968 1591 2016 Προ-

126 2035 276 2078 κλέους·
309 2035 372 2075 καὶ
398 2033 607 2087 Προκλέης
631 2033 785 2087 Λέριος.
847 2033 916 2075 Cf.
942 2032 1210 2075 Demodocus
1231 2032 1347 2074 Anal.
1370 2031 1452 2073 vol.
1475 2044 1516 2075 2.
1549 2047 1590 2088 p.

124 2104 193 2158 56.
227 2102 434 2143 Herodot.
457 2116 495 2153 Ι,
517 2115 611 2157 139.
636 2104 677 2146 ἐς
695 2107 810 2144 τοῦτο
832 2101 1032 2154 διζήμενος
1053 2100 1230 2154 εὑρήσεις
1251 2105 1495 2142 τελευτῶντα
1515 2104 1593 2141 τῶν

126 2170 320 2223 Περσέων
339 2172 389 2211 τὰ
418 2171 628 2223 οὐνόματα,
652 2171 698 2211 οὗ
727 2172 777 2211 τὰ
804 2171 892 2222 μὲν,
921 2172 969 2211 τὰ
999 2169 1030 2211 δ’
1053 2170 1112 2217 οὗ,
1139 2171 1248 2211 ἀλλὰ
1277 2169 1407 2211 πάντα
1437 2170 1592 2221 ὁμοίως.

127 2237 333 2279 Herodot.
358 2251 396 2280 2.
419 2248 487 2294 37.
517 2239 585 2279 οὐκ
612 2240 633 2278 ὁ
658 2239 745 2290 μὲν,
768 2239 789 2278 ὁ
816 2237 847 2278 δ’
870 2239 928 2286 οὗ,
953 2239 1061 2279 ἀλλὰ
1080 2238 1238 2282 πάντες.
1272 2237 1464 2295 Sophocl.
1487 2238 1593 2279 OEd.

129 2306 181 2347 C.
202 2308 323 2359 1671.
358 2307 403 2347 οὐ
433 2306 477 2347 τὸ
506 2308 593 2358 μὲν,
615 2307 719 2347 ἄλλο
751 2307 793 2347 δὲ
822 2306 888 2358 μή.
935 2306 1084 2362 Eurip.
1117 2306 1266 2347 Phoen.
1288 2309 1408 2362 1665.
1441 2307 1487 2348 οὗ
1517 2308 1593 2360 γὰρ

128 2373 172 2414 τὸ
192 2373 267 2425 μέν
286 2391 352 2415 σοι
371 2374 476 2426 βαρὺ
497 2378 639 2424 κακῶν,
661 2374 706 2414 τὸ
729 2375 758 2415 δ’
781 2375 826 2415 οὐ
845 2376 963 2427 βαρύ.
997 2375 1230 2416 BLOMF.

187 2441 283 2482 806.
305 2442 443 2496 φίλον]
465 2444 584 2495 φίλος
607 2443 672 2482 M.
694 2450 736 2483 et
757 2453 839 2483 tres
859 2442 940 2484 alii.

186 2509 362 2562 πίασμα]
396 2510 612 2566 Quidquid
633 2511 924 2566 pinguffacit.
987 2509 1194 2551 Stanleius
1229 2510 1386 2551 confert
1418 2508 1593 2564 Dionys.

129 2576 290 2633 Pen'eg.
314 2588 408 2630 227.
434 2576 574 2619 ’Ὑδατι
600 2579 767 2619 πιαίνων
791 2578 964 2632 λιπαρὸν
991 2578 1112 2620 πέδον
1132 2579 1361 2631 Αἰγύπτοιο.
1383 2587 1423 2618 et
1445 2576 1592 2633 Virgil.

78 2679 81 2682 .
130 2646 231 2686 AEn.
255 2659 294 2699 9,
315 2646 754 2702 31.pinguiflumine
775 2647 924 2688 Nilus.
957 2647 1191 2687 BLOMF.

185 2713 280 2754 808.
312 2713 588 2768 φρονημάτων]
620 2714 854 2766 δωρημάτων
875 2713 1034 2769 aliquot
1062 2712 1184 2754 codd.
1217 2726 1341 2768 quam
1374 2710 1593 2752 lectionem

129 2790 330 2822 memorat
350 2780 567 2822 scholiasta
587 2790 629 2822 et
650 2793 867 2837 utcunque
886 2781 1076 2837 explicat.

188 2849 285 2903 809.
306 2849 350 2890 οὗ
371 2852 472 2890 θεῶν
491 2849 615 2902 βρέτη
635 2848 801 2900 ᾐδοῦντο
824 2848 968 2903 συλᾶν]
993 2847 1294 2889 Themistocles
1321 2846 1435 2903 apud
1458 2847 1595 2888 Hero-

130 2915 275 2958 dotum
299 2917 340 2967 8,
360 2930 452 2972 109.
475 2916 528 2958 de
550 2917 699 2958 Xerxe
721 2916 907 2972 loquens,
929 2916 972 2960 ὃς
997 2918 1047 2958 τὰ
1074 2917 1153 2969 ἱρὰ,
1174 2914 1324 2972 inquit,
1348 2915 1411 2957 καὶ
1439 2916 1488 2956 τὰ
1516 2916 1596 2956 ἴδια

803 2997 826 3023 P
847 2997 876 3038 p
900 2996 922 3024 2
