<?xml version="1.0" encoding="UTF-8"?>
<!DOCTYPE html PUBLIC "-//W3C//DTD XHTML 1.0 Transitional//EN"
    "http://www.w3.org/TR/xhtml1/DTD/xhtml1-transitional.dtd">
<html xmlns="http://www.w3.org/1999/xhtml" xml:lang="en" lang="en">
 <head>
  <title>
</title>
<meta http-equiv="Content-Type" content="text/html;charset=utf-8" />
  <meta name='ocr-system' content='tesseract 3.04.00' />
  <meta name='ocr-capabilities' content='ocr_page ocr_carea ocr_par ocr_line ocrx_word'/>
</head>
<body>
  <div class='ocr_page' id='page_1' title='image "./tragoediaesupers02aescuoft_0011.png"; bbox 0 0 1898 3178; ppageno 0'>
   <div class='ocr_carea' id='block_1_1' title="bbox 713 178 1626 223">
    <p class='ocr_par' dir='ltr' id='par_1_1' title="bbox 713 178 1626 223">
     <span class='ocr_line' id='line_1_1' title="bbox 713 178 1626 223; baseline -0.004 0"><span class='ocrx_word' id='word_1_1' title='bbox 713 181 1074 223; x_wconf 89' lang='lat' dir='ltr'>PRAEFATIO.</span> <span class='ocrx_word' id='word_1_2' title='bbox 1601 178 1626 220; x_wconf 83' lang='lat'>7</span> 
     </span>
    </p>
   </div>
   <div class='ocr_carea' id='block_1_2' title="bbox 157 293 1652 2899">
    <p class='ocr_par' dir='ltr' id='par_1_2' title="bbox 157 293 1629 516">
     <span class='ocr_line' id='line_1_2' title="bbox 157 293 1628 363; baseline -0.007 -15"><span class='ocrx_word' id='word_1_3' title='bbox 157 303 464 363; x_wconf 80' lang='lat' dir='ltr'>interpretem</span> <span class='ocrx_word' id='word_1_4' title='bbox 510 304 695 344; x_wconf 87' lang='lat' dir='ltr'>exstare</span> <span class='ocrx_word' id='word_1_5' title='bbox 741 301 969 349; x_wconf 88' lang='lat' dir='ltr'>moneret,</span> <span class='ocrx_word' id='word_1_6' title='bbox 1016 294 1265 341; x_wconf 87' lang='lat' dir='ltr'>Triclinius</span> <span class='ocrx_word' id='word_1_7' title='bbox 1320 308 1382 339; x_wconf 84' lang='lat' dir='ltr'>ex</span> <span class='ocrx_word' id='word_1_8' title='bbox 1439 293 1628 353; x_wconf 86' lang='lat' dir='ltr'>ingenio</span> 
     </span>
     <span class='ocr_line' id='line_1_3' title="bbox 159 369 1629 432; baseline -0.007 -8"><span class='ocrx_word' id='word_1_9' title='bbox 159 378 285 423; x_wconf 92' lang='lat' dir='ltr'>hunc</span> <span class='ocrx_word' id='word_1_10' title='bbox 326 375 558 423; x_wconf 84' lang='lat' dir='ltr'>senarium</span> <span class='ocrx_word' id='word_1_11' title='bbox 592 371 814 432; x_wconf 88' lang='lat' dir='ltr'>AEschylo</span> <span class='ocrx_word' id='word_1_12' title='bbox 855 371 1083 417; x_wconf 82' lang='lat' dir='ltr'><strong>obtrusit:</strong></span> <span class='ocrx_word' id='word_1_13' title='bbox 1119 369 1406 430; x_wconf 72' lang='grc' dir='ltr'><em>ἀδαμαντίνως</em></span> <span class='ocrx_word' id='word_1_14' title='bbox 1445 369 1629 415; x_wconf 74' lang='grc' dir='ltr'>πέδαισιν</span> 
     </span>
     <span class='ocr_line' id='line_1_4' title="bbox 161 450 534 516; baseline -0.008 -17"><span class='ocrx_word' id='word_1_15' title='bbox 161 454 368 516; x_wconf 78' lang='grc' dir='ltr'>ἀρρήκτοις</span> <span class='ocrx_word' id='word_1_16' title='bbox 387 450 534 512; x_wconf 80' lang='grc' dir='ltr'>λέγω.”</span> 
     </span>
    </p>

    <p class='ocr_par' dir='ltr' id='par_1_3' title="bbox 162 529 1642 1733">
     <span class='ocr_line' id='line_1_5' title="bbox 228 529 1629 594; baseline -0.005 -13"><span class='ocrx_word' id='word_1_17' title='bbox 228 534 487 594; x_wconf 87' lang='lat' dir='ltr'>Descriptis</span> <span class='ocrx_word' id='word_1_18' title='bbox 509 532 590 592; x_wconf 91' lang='lat' dir='ltr'>qui</span> <span class='ocrx_word' id='word_1_19' title='bbox 621 546 731 577; x_wconf 91' lang='lat' dir='ltr'>cum</span> <span class='ocrx_word' id='word_1_20' title='bbox 762 530 912 576; x_wconf 87' lang='lat' dir='ltr'>tribus</span> <span class='ocrx_word' id='word_1_21' title='bbox 946 531 1108 591; x_wconf 90' lang='lat' dir='ltr'>primis</span> <span class='ocrx_word' id='word_1_22' title='bbox 1143 529 1313 576; x_wconf 89' lang='lat' dir='ltr'>fabulis</span> <span class='ocrx_word' id='word_1_23' title='bbox 1348 529 1629 591; x_wconf 80' lang='lat' dir='ltr'>posteriores</span> 
     </span>
     <span class='ocr_line' id='line_1_6' title="bbox 163 607 1631 672; baseline -0.004 -14"><span class='ocrx_word' id='word_1_24' title='bbox 163 617 384 672; x_wconf 89' lang='lat' dir='ltr'>quattuor</span> <span class='ocrx_word' id='word_1_25' title='bbox 417 610 493 656; x_wconf 87' lang='lat' dir='ltr'>vel</span> <span class='ocrx_word' id='word_1_26' title='bbox 524 625 689 656; x_wconf 90' lang='lat' dir='ltr'>omnes</span> <span class='ocrx_word' id='word_1_27' title='bbox 719 608 795 654; x_wconf 86' lang='lat' dir='ltr'>vel</span> <span class='ocrx_word' id='word_1_28' title='bbox 833 623 894 653; x_wconf 86' lang='lat' dir='ltr'>ex</span> <span class='ocrx_word' id='word_1_29' title='bbox 927 613 1062 669; x_wconf 90' lang='lat' dir='ltr'>parte</span> <span class='ocrx_word' id='word_1_30' title='bbox 1094 608 1370 668; x_wconf 89' lang='lat' dir='ltr'>conjunctas</span> <span class='ocrx_word' id='word_1_31' title='bbox 1402 607 1631 653; x_wconf 81' lang='lat' dir='ltr'>exhibent</span> 
     </span>
     <span class='ocr_line' id='line_1_7' title="bbox 162 684 1631 746; baseline -0.003 -12"><span class='ocrx_word' id='word_1_32' title='bbox 162 689 400 734; x_wconf 83' lang='lat' dir='ltr'>codicibus</span> <span class='ocrx_word' id='word_1_33' title='bbox 422 688 482 733; x_wconf 90' lang='lat' dir='ltr'>ad</span> <span class='ocrx_word' id='word_1_34' title='bbox 504 686 792 746; x_wconf 89' lang='lat' dir='ltr'>reliquorum</span> <span class='ocrx_word' id='word_1_35' title='bbox 815 685 1043 730; x_wconf 91' lang='lat' dir='ltr'>librorum</span> <span class='ocrx_word' id='word_1_36' title='bbox 1068 685 1257 730; x_wconf 89' lang='lat' dir='ltr'>turbam</span> <span class='ocrx_word' id='word_1_37' title='bbox 1291 684 1631 746; x_wconf 82' lang='lat' dir='ltr'>progredimur,</span> 
     </span>
     <span class='ocr_line' id='line_1_8' title="bbox 162 761 1633 826; baseline -0.003 -15"><span class='ocrx_word' id='word_1_38' title='bbox 162 766 243 826; x_wconf 92' lang='lat' dir='ltr'>qui</span> <span class='ocrx_word' id='word_1_39' title='bbox 277 766 326 811; x_wconf 92' lang='lat' dir='ltr'>in</span> <span class='ocrx_word' id='word_1_40' title='bbox 359 765 509 811; x_wconf 89' lang='lat' dir='ltr'>tribus</span> <span class='ocrx_word' id='word_1_41' title='bbox 539 764 771 824; x_wconf 90' lang='lat' dir='ltr'>prioribus</span> <span class='ocrx_word' id='word_1_42' title='bbox 807 761 978 808; x_wconf 86' lang='lat' dir='ltr'>fabulis</span> <span class='ocrx_word' id='word_1_43' title='bbox 1013 761 1123 807; x_wconf 91' lang='lat' dir='ltr'>solis</span> <span class='ocrx_word' id='word_1_44' title='bbox 1154 767 1425 808; x_wconf 84' lang='lat' dir='ltr'>versantur:</span> <span class='ocrx_word' id='word_1_45' title='bbox 1463 761 1633 822; x_wconf 90' lang='lat' dir='ltr'>quibus</span> 
     </span>
     <span class='ocr_line' id='line_1_9' title="bbox 162 838 1636 901; baseline -0.003 -14"><span class='ocrx_word' id='word_1_46' title='bbox 162 844 231 889; x_wconf 91' lang='lat' dir='ltr'>ita</span> <span class='ocrx_word' id='word_1_47' title='bbox 253 857 414 888; x_wconf 90' lang='lat' dir='ltr'>sumus</span> <span class='ocrx_word' id='word_1_48' title='bbox 448 842 519 887; x_wconf 91' lang='lat' dir='ltr'>usi</span> <span class='ocrx_word' id='word_1_49' title='bbox 550 846 604 885; x_wconf 87' lang='lat' dir='ltr'>ut</span> <span class='ocrx_word' id='word_1_50' title='bbox 629 839 863 885; x_wconf 89' lang='lat' dir='ltr'>Parisinos</span> <span class='ocrx_word' id='word_1_51' title='bbox 887 838 1008 885; x_wconf 74' lang='lat' dir='ltr'>AB.</span> <span class='ocrx_word' id='word_1_52' title='bbox 1034 839 1313 901; x_wconf 87' lang='lat' dir='ltr'>plerumque</span> <span class='ocrx_word' id='word_1_53' title='bbox 1342 840 1517 886; x_wconf 87' lang='lat' dir='ltr'>diserte</span> <span class='ocrx_word' id='word_1_54' title='bbox 1551 853 1636 883; x_wconf 92' lang='lat' dir='ltr'>no-</span> 
     </span>
     <span class='ocr_line' id='line_1_10' title="bbox 164 916 1636 976; baseline -0.003 -12"><span class='ocrx_word' id='word_1_55' title='bbox 164 919 462 973; x_wconf 84' lang='lat' dir='ltr'>minaremus,</span> <span class='ocrx_word' id='word_1_56' title='bbox 520 923 702 964; x_wconf 89' lang='lat' dir='ltr'>ceteros</span> <span class='ocrx_word' id='word_1_57' title='bbox 759 933 855 963; x_wconf 91' lang='lat' dir='ltr'>non</span> <span class='ocrx_word' id='word_1_58' title='bbox 911 932 1014 962; x_wconf 90' lang='lat' dir='ltr'>raro</span> <span class='ocrx_word' id='word_1_59' title='bbox 1071 932 1425 963; x_wconf 83' lang='lat' dir='ltr'>numeraremus</span> <span class='ocrx_word' id='word_1_60' title='bbox 1478 916 1636 976; x_wconf 87' lang='lat' dir='ltr'>potius</span> 
     </span>
     <span class='ocr_line' id='line_1_11' title="bbox 164 993 1637 1057; baseline -0.002 -15"><span class='ocrx_word' id='word_1_61' title='bbox 164 1011 305 1056; x_wconf 90' lang='lat' dir='ltr'>quam</span> <span class='ocrx_word' id='word_1_62' title='bbox 329 995 537 1057; x_wconf 87' lang='lat' dir='ltr'>singulos</span> <span class='ocrx_word' id='word_1_63' title='bbox 560 995 925 1055; x_wconf 86' lang='lat' dir='ltr'>designaremus.</span> <span class='ocrx_word' id='word_1_64' title='bbox 996 993 1170 1054; x_wconf 91' lang='lat' dir='ltr'>Neque</span> <span class='ocrx_word' id='word_1_65' title='bbox 1194 995 1322 1039; x_wconf 89' lang='lat' dir='ltr'>enim</span> <span class='ocrx_word' id='word_1_66' title='bbox 1345 1010 1498 1055; x_wconf 86' lang='lat' dir='ltr'>operae</span> <span class='ocrx_word' id='word_1_67' title='bbox 1532 1008 1637 1054; x_wconf 87' lang='lat' dir='ltr'>pre-</span> 
     </span>
     <span class='ocr_line' id='line_1_12' title="bbox 164 1070 1637 1130; baseline -0.002 -12"><span class='ocrx_word' id='word_1_68' title='bbox 164 1074 286 1119; x_wconf 91' lang='lat' dir='ltr'>tium</span> <span class='ocrx_word' id='word_1_69' title='bbox 310 1073 462 1118; x_wconf 86' lang='lat' dir='ltr'>visum</span> <span class='ocrx_word' id='word_1_70' title='bbox 487 1078 558 1118; x_wconf 89' lang='lat' dir='ltr'>est</span> <span class='ocrx_word' id='word_1_71' title='bbox 581 1077 654 1117; x_wconf 88' lang='lat' dir='ltr'>tot</span> <span class='ocrx_word' id='word_1_72' title='bbox 680 1071 1011 1117; x_wconf 89' lang='lat' dir='ltr'>vilissimorum</span> <span class='ocrx_word' id='word_1_73' title='bbox 1034 1070 1261 1116; x_wconf 91' lang='lat' dir='ltr'>librorum</span> <span class='ocrx_word' id='word_1_74' title='bbox 1285 1085 1545 1130; x_wconf 90' lang='lat' dir='ltr'>eorumque</span> <span class='ocrx_word' id='word_1_75' title='bbox 1576 1085 1637 1114; x_wconf 91' lang='lat' dir='ltr'>ne</span> 
     </span>
     <span class='ocr_line' id='line_1_13' title="bbox 166 1145 1639 1208; baseline -0.003 -12"><span class='ocrx_word' id='word_1_76' title='bbox 166 1151 277 1196; x_wconf 89' lang='lat' dir='ltr'>satis</span> <span class='ocrx_word' id='word_1_77' title='bbox 313 1154 531 1195; x_wconf 88' lang='lat' dir='ltr'>accurate</span> <span class='ocrx_word' id='word_1_78' title='bbox 568 1149 760 1208; x_wconf 90' lang='lat' dir='ltr'>quidem</span> <span class='ocrx_word' id='word_1_79' title='bbox 795 1147 1074 1193; x_wconf 90' lang='lat' dir='ltr'>collatorum</span> <span class='ocrx_word' id='word_1_80' title='bbox 1115 1163 1305 1193; x_wconf 91' lang='lat' dir='ltr'>omnem</span> <span class='ocrx_word' id='word_1_81' title='bbox 1346 1153 1396 1192; x_wconf 87' lang='lat' dir='ltr'>et</span> <span class='ocrx_word' id='word_1_82' title='bbox 1432 1145 1639 1207; x_wconf 89' lang='lat' dir='ltr'>singilla-</span> 
     </span>
     <span class='ocr_line' id='line_1_14' title="bbox 167 1225 1637 1286; baseline -0.002 -14"><span class='ocrx_word' id='word_1_83' title='bbox 167 1227 253 1272; x_wconf 90' lang='lat' dir='ltr'>tim</span> <span class='ocrx_word' id='word_1_84' title='bbox 293 1226 465 1286; x_wconf 83' lang='lat' dir='ltr'>exponi</span> <span class='ocrx_word' id='word_1_85' title='bbox 505 1225 774 1278; x_wconf 92' lang='lat' dir='ltr'>lectionem,</span> <span class='ocrx_word' id='word_1_86' title='bbox 817 1240 963 1283; x_wconf 92' lang='lat' dir='ltr'>quum</span> <span class='ocrx_word' id='word_1_87' title='bbox 1003 1230 1281 1285; x_wconf 88' lang='lat' dir='ltr'>apparatum</span> <span class='ocrx_word' id='word_1_88' title='bbox 1321 1225 1540 1270; x_wconf 87' lang='lat' dir='ltr'>criticum</span> <span class='ocrx_word' id='word_1_89' title='bbox 1577 1238 1637 1268; x_wconf 89' lang='lat' dir='ltr'>ex</span> 
     </span>
     <span class='ocr_line' id='line_1_15' title="bbox 167 1301 1640 1362; baseline -0.002 -14"><span class='ocrx_word' id='word_1_90' title='bbox 167 1303 405 1349; x_wconf 82' lang='lat' dir='ltr'>codicibus</span> <span class='ocrx_word' id='word_1_91' title='bbox 439 1302 682 1362; x_wconf 89' lang='lat' dir='ltr'>aliquanto</span> <span class='ocrx_word' id='word_1_92' title='bbox 710 1301 1009 1362; x_wconf 89' lang='lat' dir='ltr'>paucioribus</span> <span class='ocrx_word' id='word_1_93' title='bbox 1037 1301 1242 1361; x_wconf 90' lang='lat' dir='ltr'>quidem,</span> <span class='ocrx_word' id='word_1_94' title='bbox 1267 1302 1349 1346; x_wconf 91' lang='lat' dir='ltr'>sed</span> <span class='ocrx_word' id='word_1_95' title='bbox 1381 1301 1640 1361; x_wconf 87' lang='lat' dir='ltr'>prudenter</span> 
     </span>
     <span class='ocr_line' id='line_1_16' title="bbox 168 1377 1640 1440; baseline -0.003 -14"><span class='ocrx_word' id='word_1_96' title='bbox 168 1379 364 1426; x_wconf 91' lang='lat' dir='ltr'>delectis</span> <span class='ocrx_word' id='word_1_97' title='bbox 404 1385 454 1425; x_wconf 89' lang='lat' dir='ltr'>et</span> <span class='ocrx_word' id='word_1_98' title='bbox 491 1378 744 1440; x_wconf 84' lang='lat' dir='ltr'>diligenter</span> <span class='ocrx_word' id='word_1_99' title='bbox 780 1377 964 1424; x_wconf 90' lang='lat' dir='ltr'>collatis</span> <span class='ocrx_word' id='word_1_100' title='bbox 1000 1393 1085 1423; x_wconf 94' lang='lat' dir='ltr'>suo</span> <span class='ocrx_word' id='word_1_101' title='bbox 1125 1383 1341 1438; x_wconf 90' lang='lat' dir='ltr'>tempore</span> <span class='ocrx_word' id='word_1_102' title='bbox 1381 1378 1640 1423; x_wconf 87' lang='lat' dir='ltr'>exhibituri</span> 
     </span>
     <span class='ocr_line' id='line_1_17' title="bbox 168 1455 1639 1517; baseline -0.002 -14"><span class='ocrx_word' id='word_1_103' title='bbox 168 1459 324 1511; x_wconf 92' lang='lat' dir='ltr'>simus,</span> <span class='ocrx_word' id='word_1_104' title='bbox 349 1472 442 1517; x_wconf 91' lang='lat' dir='ltr'>quo</span> <span class='ocrx_word' id='word_1_105' title='bbox 475 1472 578 1516; x_wconf 81' lang='lat' dir='ltr'>quae</span> <span class='ocrx_word' id='word_1_106' title='bbox 602 1471 726 1501; x_wconf 88' lang='lat' dir='ltr'>nunc</span> <span class='ocrx_word' id='word_1_107' title='bbox 750 1455 1083 1501; x_wconf 83' lang='lat' dir='ltr'>circumfertur</span> <span class='ocrx_word' id='word_1_108' title='bbox 1114 1455 1347 1500; x_wconf 88' lang='lat' dir='ltr'>variarum</span> <span class='ocrx_word' id='word_1_109' title='bbox 1379 1455 1639 1500; x_wconf 89' lang='lat' dir='ltr'>lectionum</span> 
     </span>
     <span class='ocr_line' id='line_1_18' title="bbox 169 1532 1642 1595; baseline -0.001 -15"><span class='ocrx_word' id='word_1_110' title='bbox 169 1535 349 1595; x_wconf 87' lang='lat' dir='ltr'>farrago</span> <span class='ocrx_word' id='word_1_111' title='bbox 387 1549 448 1578; x_wconf 86' lang='lat' dir='ltr'>ex</span> <span class='ocrx_word' id='word_1_112' title='bbox 486 1533 621 1578; x_wconf 87' lang='lat' dir='ltr'>bonis</span> <span class='ocrx_word' id='word_1_113' title='bbox 660 1533 837 1593; x_wconf 89' lang='lat' dir='ltr'>pariter</span> <span class='ocrx_word' id='word_1_114' title='bbox 875 1538 1018 1592; x_wconf 90' lang='lat' dir='ltr'>atque</span> <span class='ocrx_word' id='word_1_115' title='bbox 1058 1532 1355 1592; x_wconf 88' lang='lat' dir='ltr'>nequissimis</span> <span class='ocrx_word' id='word_1_116' title='bbox 1401 1533 1642 1578; x_wconf 90' lang='lat' dir='ltr'>codicibus</span> 
     </span>
     <span class='ocr_line' id='line_1_19' title="bbox 169 1609 1642 1671; baseline -0.001 -15"><span class='ocrx_word' id='word_1_117' title='bbox 169 1618 347 1656; x_wconf 89' lang='lat' dir='ltr'>temere</span> <span class='ocrx_word' id='word_1_118' title='bbox 371 1610 759 1671; x_wconf 85' lang='lat' dir='ltr'>negligenterque</span> <span class='ocrx_word' id='word_1_119' title='bbox 782 1609 986 1655; x_wconf 88' lang='lat' dir='ltr'>conflata</span> <span class='ocrx_word' id='word_1_120' title='bbox 1008 1609 1203 1654; x_wconf 89' lang='lat' dir='ltr'>tandem</span> <span class='ocrx_word' id='word_1_121' title='bbox 1227 1609 1478 1670; x_wconf 88' lang='lat' dir='ltr'>aliquando</span> <span class='ocrx_word' id='word_1_122' title='bbox 1502 1610 1642 1655; x_wconf 90' lang='lat' dir='ltr'>cedat</span> 
     </span>
     <span class='ocr_line' id='line_1_20' title="bbox 168 1687 364 1733; baseline -0.005 0"><span class='ocrx_word' id='word_1_123' title='bbox 168 1687 364 1733; x_wconf 87' lang='lat' dir='ltr'>meliori.</span> 
     </span>
    </p>

    <p class='ocr_par' dir='ltr' id='par_1_4' title="bbox 172 1763 1644 1978">
     <span class='ocr_line' id='line_1_21' title="bbox 239 1763 1644 1825; baseline 0 -15"><span class='ocrx_word' id='word_1_124' title='bbox 239 1779 278 1822; x_wconf 90' lang='lat'>7.</span> <span class='ocrx_word' id='word_1_125' title='bbox 313 1764 376 1810; x_wconf 84' lang='lat' dir='ltr'>A.</span> <span class='ocrx_word' id='word_1_126' title='bbox 411 1764 648 1810; x_wconf 86' lang='lat' dir='ltr'>Parisinus</span> <span class='ocrx_word' id='word_1_127' title='bbox 687 1767 811 1820; x_wconf 81' lang='lat'>2884,</span> <span class='ocrx_word' id='word_1_128' title='bbox 845 1763 958 1808; x_wconf 93' lang='lat' dir='ltr'>olim</span> <span class='ocrx_word' id='word_1_129' title='bbox 983 1763 1299 1817; x_wconf 88' lang='lat' dir='ltr'>Colbertinus‚</span> <span class='ocrx_word' id='word_1_130' title='bbox 1334 1763 1644 1825; x_wconf 87' lang='lat' dir='ltr'>bombycinus</span> 
     </span>
     <span class='ocr_line' id='line_1_22' title="bbox 172 1839 1643 1901; baseline 0.001 -15"><span class='ocrx_word' id='word_1_131' title='bbox 172 1841 318 1886; x_wconf 89' lang='lat' dir='ltr'>seculi</span> <span class='ocrx_word' id='word_1_132' title='bbox 346 1858 413 1900; x_wconf 81' lang='lat'>13.</span> <span class='ocrx_word' id='word_1_133' title='bbox 452 1839 622 1898; x_wconf 79' lang='lat' dir='ltr'>(Catal.</span> <span class='ocrx_word' id='word_1_134' title='bbox 658 1839 750 1885; x_wconf 82' lang='lat' dir='ltr'>vol.</span> <span class='ocrx_word' id='word_1_135' title='bbox 779 1856 818 1887; x_wconf 85' lang='lat'>2.</span> <span class='ocrx_word' id='word_1_136' title='bbox 853 1856 900 1901; x_wconf 93' lang='lat' dir='ltr'>p.</span> <span class='ocrx_word' id='word_1_137' title='bbox 924 1842 1045 1901; x_wconf 84' lang='lat'>565.)</span> <span class='ocrx_word' id='word_1_138' title='bbox 1105 1839 1277 1885; x_wconf 86' lang='lat' dir='ltr'>Insunt</span> <span class='ocrx_word' id='word_1_139' title='bbox 1313 1839 1643 1896; x_wconf 90' lang='lat' dir='ltr'>Prometheus,</span> 
     </span>
     <span class='ocr_line' id='line_1_23' title="bbox 174 1916 1182 1978; baseline -0.001 -15"><span class='ocrx_word' id='word_1_140' title='bbox 174 1918 341 1971; x_wconf 86' lang='lat' dir='ltr'>Persae,</span> <span class='ocrx_word' id='word_1_141' title='bbox 367 1917 579 1978; x_wconf 87' lang='lat' dir='ltr'>Septem.</span> <span class='ocrx_word' id='word_1_142' title='bbox 637 1916 850 1962; x_wconf 85' lang='lat' dir='ltr'>Collatus</span> <span class='ocrx_word' id='word_1_143' title='bbox 873 1932 902 1963; x_wconf 89' lang='lat' dir='ltr'>a</span> <span class='ocrx_word' id='word_1_144' title='bbox 923 1917 1182 1963; x_wconf 91' lang='lat' dir='ltr'>Brunckio.</span> 
     </span>
    </p>

    <p class='ocr_par' dir='ltr' id='par_1_5' title="bbox 172 1992 1648 2270">
     <span class='ocr_line' id='line_1_24' title="bbox 240 1992 1646 2051; baseline 0.002 -13"><span class='ocrx_word' id='word_1_145' title='bbox 240 1999 279 2039; x_wconf 91' lang='lat'>8.</span> <span class='ocrx_word' id='word_1_146' title='bbox 304 1992 365 2039; x_wconf 92' lang='lat' dir='ltr'>B.</span> <span class='ocrx_word' id='word_1_147' title='bbox 391 1993 629 2039; x_wconf 88' lang='lat' dir='ltr'>Parisinus</span> <span class='ocrx_word' id='word_1_148' title='bbox 654 1997 783 2051; x_wconf 80' lang='lat'>2787.</span> <span class='ocrx_word' id='word_1_149' title='bbox 809 1994 922 2039; x_wconf 91' lang='lat' dir='ltr'>olim</span> <span class='ocrx_word' id='word_1_150' title='bbox 947 1994 1349 2048; x_wconf 87' lang='lat' dir='ltr'>Boistallerianus,</span> <span class='ocrx_word' id='word_1_151' title='bbox 1370 1994 1646 2041; x_wconf 78' lang='lat' dir='ltr'>chartaceus</span> 
     </span>
     <span class='ocr_line' id='line_1_25' title="bbox 172 2069 1645 2133; baseline 0.001 -17"><span class='ocrx_word' id='word_1_152' title='bbox 172 2071 319 2117; x_wconf 89' lang='lat' dir='ltr'>seculi</span> <span class='ocrx_word' id='word_1_153' title='bbox 347 2083 413 2129; x_wconf 84' lang='lat'>15.</span> <span class='ocrx_word' id='word_1_154' title='bbox 449 2069 621 2128; x_wconf 86' lang='lat' dir='ltr'>(Catal.</span> <span class='ocrx_word' id='word_1_155' title='bbox 646 2071 738 2116; x_wconf 88' lang='lat' dir='ltr'>vol.</span> <span class='ocrx_word' id='word_1_156' title='bbox 764 2089 803 2119; x_wconf 79' lang='lat'>2.</span> <span class='ocrx_word' id='word_1_157' title='bbox 839 2088 884 2132; x_wconf 88' lang='lat' dir='ltr'>p.</span> <span class='ocrx_word' id='word_1_158' title='bbox 908 2074 1029 2133; x_wconf 83' lang='lat'>553.)</span> <span class='ocrx_word' id='word_1_159' title='bbox 1066 2071 1395 2126; x_wconf 87' lang='lat' dir='ltr'>Prometheus,</span> <span class='ocrx_word' id='word_1_160' title='bbox 1433 2072 1645 2133; x_wconf 82' lang='lat' dir='ltr'>Septem,</span> 
     </span>
     <span class='ocr_line' id='line_1_26' title="bbox 174 2146 1648 2210; baseline 0.002 -17"><span class='ocrx_word' id='word_1_161' title='bbox 174 2147 340 2193; x_wconf 84' lang='lat' dir='ltr'>Persae.</span> <span class='ocrx_word' id='word_1_162' title='bbox 433 2146 646 2192; x_wconf 89' lang='lat' dir='ltr'>Collatus</span> <span class='ocrx_word' id='word_1_163' title='bbox 702 2163 731 2193; x_wconf 93' lang='lat' dir='ltr'>a</span> <span class='ocrx_word' id='word_1_164' title='bbox 787 2147 1042 2203; x_wconf 88' lang='lat' dir='ltr'>Brunckio,</span> <span class='ocrx_word' id='word_1_165' title='bbox 1100 2155 1208 2210; x_wconf 89' lang='lat' dir='ltr'>post</span> <span class='ocrx_word' id='word_1_166' title='bbox 1266 2149 1566 2196; x_wconf 91' lang='lat' dir='ltr'>Brunckium</span> <span class='ocrx_word' id='word_1_167' title='bbox 1619 2166 1648 2196; x_wconf 91' lang='lat' dir='ltr'>a</span> 
     </span>
     <span class='ocr_line' id='line_1_27' title="bbox 176 2224 369 2270; baseline 0 -1"><span class='ocrx_word' id='word_1_168' title='bbox 176 2224 369 2270; x_wconf 88' lang='lat' dir='ltr'>Faehsio.</span> 
     </span>
    </p>

    <p class='ocr_par' dir='ltr' id='par_1_6' title="bbox 173 2301 1650 2591">
     <span class='ocr_line' id='line_1_28' title="bbox 240 2301 1647 2350; baseline 0.003 -4"><span class='ocrx_word' id='word_1_169' title='bbox 240 2301 557 2347; x_wconf 90' lang='lat' dir='ltr'>Parisinorum</span> <span class='ocrx_word' id='word_1_170' title='bbox 591 2301 713 2348; x_wconf 91' lang='lat' dir='ltr'>A.B.</span> <span class='ocrx_word' id='word_1_171' title='bbox 739 2302 1021 2349; x_wconf 87' lang='lat' dir='ltr'>lectionibus</span> <span class='ocrx_word' id='word_1_172' title='bbox 1052 2317 1080 2347; x_wconf 89' lang='lat' dir='ltr'>a</span> <span class='ocrx_word' id='word_1_173' title='bbox 1113 2301 1462 2349; x_wconf 88' lang='lat' dir='ltr'>Montfaucono</span> <span class='ocrx_word' id='word_1_174' title='bbox 1486 2319 1647 2350; x_wconf 88' lang='lat' dir='ltr'>secum</span> 
     </span>
     <span class='ocr_line' id='line_1_29' title="bbox 173 2379 1648 2441; baseline 0.003 -18"><span class='ocrx_word' id='word_1_175' title='bbox 173 2379 532 2424; x_wconf 86' lang='lat' dir='ltr'>communicatis</span> <span class='ocrx_word' id='word_1_176' title='bbox 568 2394 679 2425; x_wconf 92' lang='lat' dir='ltr'>usus</span> <span class='ocrx_word' id='word_1_177' title='bbox 716 2385 789 2425; x_wconf 86' lang='lat' dir='ltr'>est</span> <span class='ocrx_word' id='word_1_178' title='bbox 831 2379 1155 2433; x_wconf 88' lang='lat' dir='ltr'>Needhamus‚</span> <span class='ocrx_word' id='word_1_179' title='bbox 1193 2396 1222 2425; x_wconf 90' lang='lat' dir='ltr'>a</span> <span class='ocrx_word' id='word_1_180' title='bbox 1260 2396 1352 2441; x_wconf 93' lang='lat' dir='ltr'>quo</span> <span class='ocrx_word' id='word_1_181' title='bbox 1391 2382 1451 2426; x_wconf 92' lang='lat' dir='ltr'>ad</span> <span class='ocrx_word' id='word_1_182' title='bbox 1491 2381 1648 2428; x_wconf 89' lang='lat' dir='ltr'>Aske-</span> 
     </span>
     <span class='ocr_line' id='line_1_30' title="bbox 176 2456 1650 2516; baseline 0.003 -16"><span class='ocrx_word' id='word_1_183' title='bbox 176 2456 305 2500; x_wconf 88' lang='lat' dir='ltr'>vium</span> <span class='ocrx_word' id='word_1_184' title='bbox 339 2462 669 2515; x_wconf 87' lang='lat' dir='ltr'>pervenerunt,</span> <span class='ocrx_word' id='word_1_185' title='bbox 702 2457 835 2516; x_wconf 87' lang='lat' dir='ltr'>cujus</span> <span class='ocrx_word' id='word_1_186' title='bbox 863 2472 924 2501; x_wconf 85' lang='lat' dir='ltr'>ex</span> <span class='ocrx_word' id='word_1_187' title='bbox 965 2457 1150 2503; x_wconf 86' lang='lat' dir='ltr'>schedis</span> <span class='ocrx_word' id='word_1_188' title='bbox 1187 2458 1387 2505; x_wconf 89' lang='lat' dir='ltr'>Butlero</span> <span class='ocrx_word' id='word_1_189' title='bbox 1422 2459 1650 2505; x_wconf 89' lang='lat' dir='ltr'>nonnulla</span> 
     </span>
     <span class='ocr_line' id='line_1_31' title="bbox 176 2531 1022 2591; baseline 0.002 -14"><span class='ocrx_word' id='word_1_190' title='bbox 176 2537 338 2591; x_wconf 87' lang='lat' dir='ltr'>petere</span> <span class='ocrx_word' id='word_1_191' title='bbox 362 2531 498 2578; x_wconf 85' lang='lat' dir='ltr'>licuit</span> <span class='ocrx_word' id='word_1_192' title='bbox 520 2548 548 2578; x_wconf 90' lang='lat' dir='ltr'>a</span> <span class='ocrx_word' id='word_1_193' title='bbox 572 2533 814 2579; x_wconf 90' lang='lat' dir='ltr'>Brunckio</span> <span class='ocrx_word' id='word_1_194' title='bbox 838 2534 1022 2579; x_wconf 87' lang='lat' dir='ltr'>omissa.</span> 
     </span>
    </p>

    <p class='ocr_par' dir='ltr' id='par_1_7' title="bbox 178 2607 1652 2899">
     <span class='ocr_line' id='line_1_32' title="bbox 244 2607 1650 2672; baseline 0.005 -20"><span class='ocrx_word' id='word_1_195' title='bbox 244 2626 285 2667; x_wconf 90' lang='lat'>9.</span> <span class='ocrx_word' id='word_1_196' title='bbox 324 2607 377 2655; x_wconf 86' lang='lat' dir='ltr'>C.</span> <span class='ocrx_word' id='word_1_197' title='bbox 402 2608 639 2656; x_wconf 90' lang='lat' dir='ltr'>Parisinus</span> <span class='ocrx_word' id='word_1_198' title='bbox 664 2616 791 2670; x_wconf 82' lang='lat'>2789.</span> <span class='ocrx_word' id='word_1_199' title='bbox 817 2611 930 2656; x_wconf 91' lang='lat' dir='ltr'>olim</span> <span class='ocrx_word' id='word_1_200' title='bbox 965 2611 997 2656; x_wconf 92' lang='lat' dir='ltr'><strong>J</strong></span> <span class='ocrx_word' id='word_1_201' title='bbox 1000 2627 1041 2656; x_wconf 94' lang='lat' dir='ltr'>o.</span> <span class='ocrx_word' id='word_1_202' title='bbox 1066 2611 1189 2665; x_wconf 74' lang='lat' dir='ltr'>Tilfi,</span> <span class='ocrx_word' id='word_1_203' title='bbox 1221 2617 1388 2672; x_wconf 88' lang='lat' dir='ltr'>postea</span> <span class='ocrx_word' id='word_1_204' title='bbox 1416 2612 1650 2659; x_wconf 87' lang='lat' dir='ltr'>Colberti-</span> 
     </span>
     <span class='ocr_line' id='line_1_33' title="bbox 178 2684 1650 2751; baseline 0.005 -22"><span class='ocrx_word' id='word_1_205' title='bbox 178 2699 279 2738; x_wconf 88' lang='lat' dir='ltr'>nus,</span> <span class='ocrx_word' id='word_1_206' title='bbox 315 2684 588 2732; x_wconf 88' lang='lat' dir='ltr'>chartaceus</span> <span class='ocrx_word' id='word_1_207' title='bbox 623 2688 768 2733; x_wconf 88' lang='lat' dir='ltr'>seculi</span> <span class='ocrx_word' id='word_1_208' title='bbox 806 2701 870 2747; x_wconf 84' lang='lat'>15.</span> <span class='ocrx_word' id='word_1_209' title='bbox 907 2687 1082 2746; x_wconf 88' lang='lat' dir='ltr'>(Catal.</span> <span class='ocrx_word' id='word_1_210' title='bbox 1108 2689 1198 2734; x_wconf 90' lang='lat' dir='ltr'>vol.</span> <span class='ocrx_word' id='word_1_211' title='bbox 1228 2706 1267 2735; x_wconf 84' lang='lat'>2.</span> <span class='ocrx_word' id='word_1_212' title='bbox 1308 2705 1353 2750; x_wconf 91' lang='lat' dir='ltr'>p.</span> <span class='ocrx_word' id='word_1_213' title='bbox 1378 2692 1498 2751; x_wconf 83' lang='lat'>553.)</span> <span class='ocrx_word' id='word_1_214' title='bbox 1536 2690 1650 2736; x_wconf 90' lang='lat' dir='ltr'>Pro-</span> 
     </span>
     <span class='ocr_line' id='line_1_34' title="bbox 178 2762 1652 2826; baseline 0.005 -20"><span class='ocrx_word' id='word_1_215' title='bbox 178 2762 410 2816; x_wconf 85' lang='lat' dir='ltr'>metheus,</span> <span class='ocrx_word' id='word_1_216' title='bbox 436 2762 644 2823; x_wconf 83' lang='lat' dir='ltr'>Septem,</span> <span class='ocrx_word' id='word_1_217' title='bbox 671 2764 837 2810; x_wconf 83' lang='lat' dir='ltr'>Persae.</span> <span class='ocrx_word' id='word_1_218' title='bbox 896 2764 1110 2810; x_wconf 87' lang='lat' dir='ltr'>Collatus</span> <span class='ocrx_word' id='word_1_219' title='bbox 1142 2781 1171 2811; x_wconf 89' lang='lat' dir='ltr'>a</span> <span class='ocrx_word' id='word_1_220' title='bbox 1196 2765 1510 2813; x_wconf 90' lang='lat' dir='ltr'>Vauvillersio</span> <span class='ocrx_word' id='word_1_221' title='bbox 1534 2766 1652 2826; x_wconf 84' lang='lat' dir='ltr'>(No-</span> 
     </span>
     <span class='ocr_line' id='line_1_35' title="bbox 180 2835 986 2899; baseline 0.005 -18"><span class='ocrx_word' id='word_1_222' title='bbox 180 2836 287 2882; x_wconf 75' lang='lat' dir='ltr'>tiees</span> <span class='ocrx_word' id='word_1_223' title='bbox 310 2842 352 2882; x_wconf 74' lang='lat' dir='ltr'>et</span> <span class='ocrx_word' id='word_1_224' title='bbox 374 2835 591 2883; x_wconf 68' lang='lat' dir='ltr'>Eoetraz&#39;ts</span> <span class='ocrx_word' id='word_1_225' title='bbox 617 2839 706 2884; x_wconf 87' lang='lat' dir='ltr'>vol.</span> <span class='ocrx_word' id='word_1_226' title='bbox 738 2856 772 2883; x_wconf 95' lang='lat'>1.</span> <span class='ocrx_word' id='word_1_227' title='bbox 796 2855 840 2899; x_wconf 90' lang='lat' dir='ltr'>p.</span> <span class='ocrx_word' id='word_1_228' title='bbox 869 2843 986 2899; x_wconf 82' lang='lat'>291.)</span> 
     </span>
    </p>
   </div>
   <div class='ocr_carea' id='block_1_3' title="bbox 251 2913 1709 2979">
    <p class='ocr_par' dir='ltr' id='par_1_8' title="bbox 251 2913 1709 2979">
     <span class='ocr_line' id='line_1_36' title="bbox 251 2913 1709 2979; baseline 0.007 -20"><span class='ocrx_word' id='word_1_229' title='bbox 251 2931 315 2959; x_wconf 89' lang='lat'>10.</span> <span class='ocrx_word' id='word_1_230' title='bbox 348 2913 412 2960; x_wconf 86' lang='lat' dir='ltr'>D.</span> <span class='ocrx_word' id='word_1_231' title='bbox 445 2915 680 2962; x_wconf 88' lang='lat' dir='ltr'>Parisinus</span> <span class='ocrx_word' id='word_1_232' title='bbox 717 2931 842 2976; x_wconf 82' lang='lat'>2790.</span> <span class='ocrx_word' id='word_1_233' title='bbox 880 2918 992 2963; x_wconf 91' lang='lat' dir='ltr'>olim</span> <span class='ocrx_word' id='word_1_234' title='bbox 1029 2918 1341 2974; x_wconf 84' lang='lat' dir='ltr'>Colbertinus‚</span> <span class='ocrx_word' id='word_1_235' title='bbox 1379 2922 1651 2969; x_wconf 83' lang='lat' dir='ltr'>chartaceus</span> <span class='ocrx_word' id='word_1_236' title='bbox 1706 2975 1709 2979; x_wconf 12' lang='grc' dir='ltr'><strong><em>ἱ</em></strong></span> 
     </span>
    </p>
   </div>
  </div>
 </body>
</html>
