1898 3256
366 254 454 296 AD
489 217 742 296 SEPTEM
777 253 1103 295 ADVERSUS
1138 254 1406 294 THEBAS.
1537 252 1619 297 167

211 377 309 422 357·
331 367 428 422 358.
454 366 726 409 Scribendum
751 382 835 408 uno
855 381 975 408 versu

270 451 519 495 παντοδαπὸς
540 453 583 493 δὲ
604 450 749 504 καρπὸς
767 449 937 506 χαμάδις
955 451 1093 492 πεσὼν
1112 451 1290 504 ἀλγύνει·

155 550 292 593 deleto
310 552 424 608 quod
444 567 495 592 ex
515 552 759 607 glossemate
779 551 943 608 irrepsit
965 549 1147 604 κυρήσας.

212 631 237 673 3
241 629 312 673 57.
343 619 611 675 παντοδαπὸς]
633 620 884 671 παντοδαπῆς
912 618 1071 675 aliquot
1091 617 1211 659 codd.
1261 617 1399 659 Schol.
1423 619 1472 659 B.
1495 622 1619 666 σῖτος,

158 686 280 739 κριθὴ,
304 686 480 740 κέγχρος,
503 686 618 728 πάνθ’
640 689 738 739 ὁμοῦ
755 686 950 741 χρήματα.

214 764 314 809 359.
344 754 484 807 πικρὸν
504 753 535 795 δ’
558 755 663 807 ὄμμα
682 758 760 795 τῶν
780 754 1092 808 θαλαμηπόλων]
1118 755 1396 805 θαλαμηπόλοι
1425 754 1468 796 h.
1490 754 1517 796 l.
1538 770 1620 797 non

159 831 253 862 sunt
273 822 552 872 cubiculariae,
575 821 643 863 sed
665 822 859 872 cellariae,
876 837 1015 878 penus
1036 826 1362 878 procuratrices,
1381 822 1517 879 qualis
1535 835 1625 866 erat

159 889 369 946 Euryclea
402 890 444 930 in
485 889 610 931 domo
645 890 810 946 Ulyssis
849 889 964 946 apud
1003 891 1255 931 Homerum.
1299 888 1476 942 θάλαμος
1513 891 1623 933 enim

157 956 366 999 interdum
385 958 527 999 cellam
538 960 854 1015 promtuariam
876 957 1092 1015 significat.
1145 958 1314 999 Harum
1335 957 1465 1014 igitur
1487 961 1626 1002 tristis

157 1031 198 1067 et
216 1026 388 1067 acerbus
409 1026 550 1068 vultus
571 1041 658 1067 esse
677 1025 842 1077 dicitur,
865 1040 961 1067 cum
979 1025 1119 1067 vident
1145 1025 1370 1076 frumenta,
1393 1026 1502 1076 vina,
1523 1027 1625 1069 alia-

158 1109 241 1151 que
260 1093 302 1134 id
319 1109 452 1150 genus
468 1109 623 1150 penora
641 1109 717 1151 per
739 1108 943 1135 summam
970 1092 1149 1134 hostium
1174 1093 1400 1149 nequitiam
1432 1095 1551 1151 perdi
1577 1111 1626 1138 ac

158 1161 384 1218 profligari.
417 1163 549 1204 SCH.
604 1166 683 1203 τῶν
717 1177 768 1202 ex
803 1176 933 1217 prava
966 1160 1128 1202 illatum
1163 1161 1402 1218 conjectura
1428 1163 1625 1215 Arnaldi,

158 1229 232 1285 qui
263 1245 346 1271 non
375 1230 722 1272 animadverterat
741 1230 847 1272 duas
876 1238 970 1286 post
990 1231 1096 1282 ὄμμα
1116 1229 1180 1271 vel
1203 1240 1285 1272 tres
1312 1231 1510 1274 excidisse
1537 1233 1624 1291 syl-

158 1295 286 1349 labas,

387 1355 527 1408 πικρὸν
546 1356 578 1397 δ’
599 1354 687 1408 ὄμμ’
710 1379 737 1397 υ
757 1381 786 1386 -
804 1380 832 1386 -—
854 1356 1162 1408 θαλαμηπόλων.

216 1451 317 1509 360.
339 1452 494 1507 πολλὰ]
518 1452 650 1503 πολλὴ
674 1451 784 1493 Rob.
808 1453 946 1493 Turn.

216 1519 611 1576 πολλὰ-φορεῖται]
653 1520 878 1575 Multaque
918 1525 1044 1561 terrae
1085 1536 1264 1563 ‘munera
1299 1524 1537 1579 promiscue
1576 1526 1626 1566 in

144 1588 311 1644 fluvios
330 1587 502 1643 abjecta,
523 1587 745 1628 inutilibus
765 1588 908 1640 undis,
928 1589 1001 1629 ubi
1024 1590 1183 1630 nemini
1205 1591 1406 1647 prodesse
1427 1600 1626 1649 possunt,

160 1655 435 1711 auferuntur.
468 1655 652 1696 οὐτιδανᾶ
680 1654 794 1708 ῥόθια
824 1655 881 1697 sic
911 1655 992 1697 dici
1023 1656 1231 1706 videntur,
1265 1659 1461 1714 quoniam
1489 1661 1538 1702 iis
1562 1677 1627 1704 res

161 1723 214 1764 ad
258 1722 411 1764 victum
454 1722 689 1765 necessariae
727 1734 1055 1781 corrumpuntur
1093 1735 1134 1766 et
1173 1725 1336 1768 inutilia
1374 1728 1627 1773 redduntur.

165 1792 296 1833 SCH.

219 1860 318 1914 361.
350 1861 424 1912 γᾶς
453 1857 576 1913 δόσις]
615 1859 667 1899 In
690 1859 845 1915 Agam.
871 1861 996 1901 1016.
1019 1859 1154 1901 πολλά
1168 1877 1228 1902 τοι
1256 1861 1365 1907 δόσις
1393 1864 1436 1905 ἐκ
1458 1865 1555 1909 Διὸς
1574 1865 1628 1908 de

162 1927 372 1967 frumento
391 1925 556 1967 dicitur.
587 1926 818 1968 BLOMF.

220 1995 321 2050 362.
340 1994 485 2047 ῥοθίοις
505 1995 589 2036 (1υο
607 1992 732 2035 codd.
762 1996 931 2048 ῥοθίοισι
951 1995 1045 2037 libri
1066 1996 1229 2054 reliqui.

219 2063 319 2117 363.
342 2063 640 2116 καινοπήμονες]
667 2062 947 2115 κοινοπήμονες
967 2065 1079 2106 Rob.

219 2132 319 2186 364.
369 2128 528 2183 τλήμον’
586 2131 870 2172 Hermannus.
932 2132 1126 2185 τλήμονες
1179 2133 1287 2177 libri.
1350 2135 1626 2179 Scribendum

163 2197 340 2251 τλάμον’.

219 2268 319 2321 365.
351 2265 492 2319 ἀνδρὸς
522 2266 794 2320 εὐτυχοῦντος,
816 2268 865 2311 ὡς
895 2271 1112 2320 δυσμενοῦς
1133 2269 1367 2325 ὑπερτέρου]
1400 2271 1544 2313 Verba
1563 2272 1626 2314 in-

164 2333 378 2389 terpolata.
431 2333 705 2375 Desideratur
742 2335 917 2376 verbum
956 2336 1142 2393 aliquod,
1175 2354 1262 2394 quo
1301 2340 1626 2395 praecedentium

163 2416 358 2442 versuum
381 2401 581 2442 sententia
601 2401 839 2444 absolvatur
858 2413 900 2445 et
919 2404 1167 2447 cohaerentia
1190 2422 1284 2447 cum
1316 2407 1516 2463 proximis
1536 2424 1628 2450 ver-

165 2468 278 2510 sibus
294 2468 552 2517 restituatur,
573 2468 614 2509 in
635 2469 790 2524 quibus
810 2472 995 2524 νύκτερον
1014 2473 1131 2516 τέλος
1160 2473 1229 2514 alii
1249 2474 1302 2515 de
1323 2475 1494 2517 Veneris
1515 2491 1628 2533 mys-

164 2535 289 2586 teriis,
310 2535 379 2576 alii
398 2535 451 2577 de
472 2545 602 2577 morte
620 2535 923 2580 intellexerunt.

221 2604 319 2658 366.
349 2603 576 2658 ὑπερτέρου]
601 2604 833 2658 ὑπερτέρους
852 2606 957 2647 Ald.
999 2607 1269 2662 ὑπερφέρουσι
1288 2609 1420 2650 codex
1441 2611 1628 2653 Venetus

163 2670 278 2727 apud
301 2671 555 2711 Burtonum.

221 2738 322 2794 368.
343 2738 624 2794 παγκλαύτων]
646 2741 939 2792 παγκλαύστων
958 2740 1116 2797 aliquot
1137 2743 1260 2785 codd.
1281 2752 1322 2785 et
1339 2745 1442 2787 Ald.
1460 2745 1571 2788 Rob.

224 2805 403 2858 ἀλγέων]
424 2804 555 2859 ἀχέων
576 2806 774 2847 cantabr.
794 2807 965 2863 primus.
999 2808 1187 2861 πημάτων
1208 2812 1261 2853 L.

225 2870 448 2925 ἐπίρροθον]
479 2871 754 2927 Adjutricem,
788 2875 1096 2917 auoeiliatorem.
1150 2879 1338 2936 Hesych.
1369 2882 1624 2935 Ἐπίρροθος;

167 2938 340 2994 ἰσχυρός.
392 2940 578 2997 Adjutor
596 2941 797 2983 auxilium
819 2942 954 2985 ferens
973 2959 1068 2985 cum
1090 2960 1241 3003 magna
1260 2948 1386 2991 animi
1406 2950 1614 2994 alacritate

168 3007 261 3048 Vox
281 3007 519 3050 Homerica.
551 3009 714 3051 STAN
721 3011 775 3051 L.
