1898 3256
303 213 386 256 166
771 219 1262 262 ANNOTATIONES

357 333 544 385 καίνεται]
570 335 742 374 κλίνεται
764 335 840 384 Μ.,
862 335 932 375 sed
952 336 1225 391 superscripto
1245 336 1430 377 καίνεται.

354 398 451 450 348.
473 399 646 454 βλαχαὶ]
668 402 819 453 βληχαὶ
837 400 992 456 aliquot
1012 401 1129 442 codd.
1150 410 1190 441 et
1211 400 1309 441 Ald.
1331 402 1439 442 Rob.

353 475 451 517 350.
484 465 746 520 ἀρτιβρεφεῖς]
779 467 1019 519 ἀρτιτρεφεῖς
1051 468 1114 507 Μ.
1148 466 1297 522 aliique
1328 467 1513 507 nonnulli
1545 476 1585 508 et
1619 469 1728 510 Rob.

299 529 441 583 steph.
494 530 650 571 Utrum
671 531 815 587 legerit
844 533 1055 573 scholiasta
1075 547 1156 574 non
1181 533 1275 573 satis
1304 542 1413 573 certo
1433 533 1567 589 colligi
1596 544 1729 589 potest

295 609 346 634 ex
366 594 441 635 hac
460 595 548 650 ejus
577 598 850 647 annotatione,
873 597 1083 649 ἐξελάβετο
1104 601 1145 639 δὲ
1165 603 1276 639 τοῦτο
1300 599 1362 652 (τὸ
1382 600 1554 652 βλαχαὶ)
1577 601 1598 640 ὁ
1618 617 1726 652 ποιη-

295 660 362 710 Τῆς
392 663 453 702 καὶ
484 663 546 703 ε’πὶ
575 668 651 704 τῶν
679 668 849 716 νεογνῶν
879 665 940 704 καὶ
972 666 1183 717 ἀρτιγενῶν
1213 666 1274 705 καὶ
1301 667 1451 706 ἀτελῶν
1476 670 1651 718 βρεφῶν,
1677 668 1727 710 ὡς

294 730 425 781 τοιᾷδε
454 732 499 785 τῇ
530 732 654 782 φωνῇ,
677 731 811 785 ἀσήμῳ
842 732 987 782 δηλαδὴ
1018 732 1079 772 καὶ
1109 732 1297 787 ἇνάρθρῳ,
1328 732 1548 786 χρωμένων.
1608 734 1724 773 Neu-

294 803 402 834 trum
440 795 561 836 scribi
594 797 646 837 ab
679 797 879 852 AEschylo
911 797 1069 852 potuit:
1101 813 1194 838 nam
1230 798 1483 839 desideratur
1509 799 1726 840 substanti-

293 876 390 901 vum
422 861 588 917 aliquod
615 878 708 903 cum
740 865 1014 914 ἐπιμαστιδίων
1046 864 1391 920 conjungendum.
1450 866 1723 915 Quamobrem

292 927 548 968 scribendum
580 944 672 969 cum
706 929 922 970 Schuetzio
940 933 1017 970 τῶν
1047 931 1319 981 ἐπιμαστιδίων
1348 932 1432 983 ἄρτι
1460 936 1621 984 βρεφῶν
1640 931 1723 985 (vel

290 994 509 1048 βρεφέων).
541 996 807 1046 ἐπιμαστίδιον
824 996 975 1049 βρέφος
1003 996 1107 1036 dixit
1132 996 1281 1052 Eurip.
1304 997 1398 1052 Iph.
1422 999 1477 1038 Τ.
1501 1011 1597 1052 230.
1647 999 1723 1039 Al-

291 1060 366 1099 teri
386 1061 597 1116 scripturae
617 1062 857 1115 ἀρτιτρεφεῖς
872 1062 944 1118 qui
964 1062 1119 1118 aliquid
1139 1063 1401 1104 tribuendum
1417 1064 1616 1119 judicant,
1638 1066 1723 1116 ἄρτι

289 1131 442 1178 τρεφῶν
462 1127 633 1168 scribere
652 1137 858 1182 poterunt.
918 1131 1012 1179 Quo
1032 1129 1285 1170 substantivo
1307 1130 1526 1186 Sophocles
1546 1146 1644 1172 usus
1662 1141 1721 1172 est

294 1192 455 1247 (fragm.
477 1195 587 1245 166.)
612 1195 859 1250 ap-“Athen.
880 1209 919 1249 9.
940 1211 980 1251 p.
1002 1209 1078 1247 401
1107 1197 1159 1236 D.

513 1276 562 1316 σὺ
583 1275 627 1323 δ’,
650 1275 679 1316 ὦ
700 1278 860 1330 σύαγρε,
884 1278 1130 1328 Πηλιωτικὸν
1149 1277 1304 1330 τρέφος·

286 1356 400 1411 quod
418 1356 568 1410 βρέφος
598 1358 791 1414 scriptum
820 1359 859 1399 in
882 1359 1056 1415 epitome
1085 1375 1134 1400 ex
1165 1375 1293 1415 eaque
1318 1360 1429 1416 apud
1451 1362 1715 1404 Eustathium

286 1438 326 1478 p.
346 1424 466 1476 1872,
487 1436 549 1464 12.

339 1502 437 1544 352.
467 1490 954 1546 ξυμβολεῖ-λελιμμένοι]
986 1491 1174 1547 Rapiens
1206 1493 1387 1548 rapienti
1416 1501 1613 1542 occursat,
1644 1510 1715 1536 va-

283 1570 461 1612 cuusque
495 1571 670 1597 vacuum
703 1558 887 1607 advocat,
913 1559 1053 1613 partis
1075 1558 1318 1613 proedarum
1349 1560 1549 1614 cupidus3
1580 1576 1717 1604 omnes

285 1635 379 1662 vero
391 1623 523 1677 plura
542 1637 664 1678 quam
684 1629 877 1678 ceperunt
901 1630 1146 1679 appetentes.
1177 1624 1285 1668 κενὸς
1312 1625 1534 1681 opponitur
1562 1629 1613 1683 τῷ
1643 1628 1714 1681 φέ-

280 1704 412 1739 ροντι;
445 1688 472 1728 ii
492 1689 565 1743 qui
594 1689 776 1730 nondum
807 1700 963 1746 partem
995 1690 1047 1731 de
1075 1690 1216 1746 praeda
1244 1701 1453 1747 ceperunt,
1472 1692 1570 1733 alios
1599 1709 1716 1749 aeque

282 1769 432 1795 vacuos
450 1754 663 1796 advocant.
694 1757 885 1807 ξύννομον
906 1755 1033 1797 θέλων
1054 1756 1160 1810 ἔχειν
1182 1757 1300 1798 vertit
1322 1757 1448 1798 Stanl.
1465 1760 1715 1815 participem

279 1821 426 1862 habere
460 1822 622 1862 volens:
654 1821 767 1876 quod
801 1821 832 1862 si
867 1821 1037 1878 accipias
1076 1838 1153 1878 pro
1185 1825 1341 1864 socium
1372 1825 1539 1880 praedae
1568 1826 1714 1868 habere

281 1888 432 1938 volens,
467 1887 562 1928 satis
600 1887 811 1928 commode
841 1888 1004 1929 dicitur.
1064 1888 1221 1930 Milites
1260 1889 1451 1931 nimirum
1491 1891 1715 1946 praedaturi

278 1954 570 1995 commilitones
599 1953 652 1994 ad
679 1969 895 1995 commune
915 1955 1141 2011 deripiendi
1169 1956 1378 2012 negotium
1400 1972 1542 1998 vocare
1572 1957 1711 1999 solent.

278 2021 366 2061 οὔτε
403 2025 515 2072 μεῖον
551 2019 627 2061 οὔτ’
663 2022 752 2061 ἴσον
782 2018 1009 2073 λελιμμένοι
1043 2021 1361 2078 circumscriptio
1393 2032 1452 2063 est
1484 2027 1560 2064 τῶν
1591 2029 1711 2065 πλεο-

278 2088 526 2128 νεκτούντων.
572 2086 749 2127 Pluralis
768 2087 995 2138 λελιμμένοι
1014 2097 1094 2128 tam
1116 2088 1167 2128 ad
1191 2088 1362 2141 φέροντα
1381 2104 1504 2144 quam
1525 2089 1577 2130 ad
1598 2091 1712 2131 κενὸν

277 2152 548 2194 referendum.
583 2154 713 2193 SCH.
765 2153 949 2208 Hesych.
972 2158 1188 2205 συμβολεῖ;
1222 2154 1492 2208 συντυγχάνει.

331 2235 540 2316 ξυμβολεῖ]
563 2222 838 2313 ξυμέἕῖἐῗΜ.
879 2261 1077 2314 ξυμβαλεῖ
1093 2262 1155 2304 vel
1177 2262 1395 2315 ξυμβάλλει
1423 2263 1580 2305 codices
1611 2280 1708 2306 non-

277 2327 391 2369 nulli.

330 2407 355 2450 3
358 2406 427 2449 54.
447 2395 656 2448 ξύννομον]
679 2395 844 2445 ξύνομον
864 2403 945 2436 tres
964 2395 1083 2436 codd.
1104 2405 1145 2436 et
1165 2395 1259 2437 Ald.
1282 2397 1392 2437 Rob.

329 2472 425 2516 355.
456 2461 684 2512 λελιμμένοι
716 2462 825 2502 A.B.
856 2461 1019 2517 aliique,
1040 2461 1152 2517 quod
1181 2462 1223 2502 in
1252 2461 1353 2512 aliis,
1383 2461 1488 2502 inter
1510 2477 1614 2517 quos
1640 2464 1704 2504 M.

273 2537 347 2577 est,
366 2526 604 2578 λελημμένοι
623 2526 834 2582 scriptum.
894 2528 961 2568 De
981 2537 1156 2583 utroque
1176 2527 1281 2569 dixit
1301 2527 1524 2569 scholiasta.
1568 2533 1702 2579 λελιμ-

271 2594 388 2644 μένος
406 2592 526 2649 pauci
545 2607 638 2633 curn
662 2592 754 2633 Ald.
776 2594 884 2634 Rob.
905 2594 1040 2635 Turn.

327 2661 423 2714 356.
454 2659 524 2700 τίν’
547 2661 589 2700 ἐκ
617 2660 728 2700 τῶνδ’
758 2658 909 2700 εἰκάσαι
936 2661 1057 2712 λόγος
1085 2659 1190 2712 πάρα
1203 2660 1232 2715 ;]
1266 2660 1377 2708 Quid
1399 2660 1538 2716 igitur
1563 2673 1612 2700 ea·
1638 2660 1699 2699 his

270 2727 467 2781 conjicere
486 2727 595 2767 ratio
615 2727 707 2767 eet?
737 2741 767 2766 s.
788 2727 862 2766 Ea·
890 2726 955 2767 his
984 2728 1123 2782 igitur
1148 2741 1368 2782 quamnam
1397 2726 1449 2767 de
1478 2724 1590 2767 nobis
1619 2719 1693 2772 sdl.

269 2794 542 2847 conjecturam
548 2793 700 2846 jacere
718 2793 764 2832 in
781 2798 949 2847 promtu
969 2794 1060 2834 est?
1092 2793 1222 2834 SCH.
1271 2794 1318 2833 τί·
1352 2794 1405 2840 ἐκ,
1431 2806 1590 2848 superse
1617 2791 1625 2800 ⁶
1651 2797 1693 2828 to

269 2859 338 2900 τίν’
362 2861 415 2909 ἐκ,
438 2860 503 2899 Μ.
550 2859 610 2898 Et
633 2872 774 2898 verum
805 2858 975 2899 fortasse
1004 2861 1043 2900 τί
1066 2860 1133 2900 {xz
1165 2873 1286 2914 quem
1316 2858 1471 2900 hiatum
1500 2857 1540 2897 in
1621 2855 1690 2895 οὖν

268 2925 472 2967 interdum
493 2923 743 2966 admiserunt
763 2923 916 2979 tragici.
