1898 3256
523 212 614 253 AD
647 209 964 253 PROMETH
970 209 1127 251 EUM.
1510 210 1568 254 27

97 327 172 378 μὲν
192 326 263 378 τὴν
282 324 500 378 ἀκρόπολιν
518 324 590 376 τὴν
610 326 679 365 τοῦ
702 322 799 366 Διὸς
819 324 973 373 οἴκησιν
998 320 1128 363 οὐκέτι
1156 321 1343 375 ἐνεχώρει
1364 321 1568 363 εἰσελθεῖν

99 393 217 447 (πρὸς
237 395 280 435 δὲ
303 393 366 435 καὶ
385 394 426 434 αἱ
446 392 542 436 Διὸς
555 391 737 445 ’φυλακαὶ
757 391 933 444 φοβεραὶ
951 391 1094 445 ἦσαν),
1113 392 1168 434 εἷς
1188 391 1231 432 δὲ
1247 389 1293 431 τὸ
1309 391 1377 440 τῆς
1395 387 1567 440 Ἀθηνᾶς

99 463 162 503 καὶ
202 461 431 516 “Ηφαίστου
465 462 605 512 οἴκημα
642 459 687 500 τὸ
725 459 871 507 κοινὸν,
907 460 951 500 ἐν
985 456 1016 514 ᾧ
1053 457 1393 512 ἐφιλοτεχνείτην,
1429 456 1568 498 λαθὼν

100 530 335 586 εἰσέρχεται·
367 530 432 571 καὶ
451 527 608 582 κλέψας
627 527 699 580 τήν
718 544 761 570 τε
783 527 956 580 ἔμπυρον
975 525 1123 580 τέχνην
1142 525 1213 577 τὴν
1235 528 1305 567 τοῦ
1323 523 1567 578 Ἡφαίστου,

100 599 164 640 καὶ
187 598 259 650 τὴν
278 598 409 649 ἄλλην
432 596 503 648 τὴν
530 599 598 648 τῆς
625 594 810 647 Ἀθηνᾶς,
834 596 994 636 δίδωσιν
1022 595 1227 649 ἀνθρώπῳ·
1261 593 1324 634 καὶ
1355 594 1398 634 ἐκ
1430 593 1570 633 τούτου

101 667 262 720 εὐπορία
290 666 365 718 μὲν
394 665 585 719 ἀνθρώπῳ
614 667 683 704 τοῦ
712 664 806 716 βίου
834 664 1028 717 γίγνεται·
1059 660 1275 715 Προμηθέα
1299 661 1344 703 δὲ
1376 659 1422 701 δι’
1453 658 1568 701 Ἐπι-

99 733 226 787 μηθέα
254 734 420 786 ὕστερον
444 731 562 788 (ᾗπερ
583 731 766 786 λέγεται)
790 733 938 782 κλοπῆς
968 731 1053 782 δίκη
1080 733 1288 782 μετ-ἢλθεν.
1351 729 1477 769 Hanc
1506 727 1570 768 fa-

99 802 243 844 bulam
274 800 327 841 de
356 799 517 842 artibus
546 815 571 841 a
599 799 852 841 Prometheo
880 799 1059 840 inventis
1089 807 1231 841 secuta
1263 806 1325 840 est
1350 796 1464 848 max,
1486 811 1571 853 qua

101 884 197 911 eum
218 868 406 911 fictilium
429 867 741 910 simulacrorum
763 867 1018 909 inventorem
1039 882 1125 908 esse
1145 865 1382 908 narrabant.
1436 863 1572 921 Cujus

101 937 290 991 artificii,
344 936 605 987 Lactantius,
651 936 917 987 detestabilis,
967 934 1119 991 inquit,
1165 940 1204 976 et
1247 935 1382 991 inepti
1424 939 1573 975 auctor

101 1006 188 1048 fuit
211 1004 484 1046 Prometheus
506 1010 668 1060 patruo
685 1004 809 1045 Jovis
838 1004 990 1060 Japeto
1018 1008 1160 1044 natus.
1212 1002 1330 1043 Nam
1360 1017 1454 1044 cum
1480 1003 1574 1058 pri-

102 1087 216 1114 mum
235 1073 409 1129 Jupiter
427 1087 588 1114 summo
610 1073 775 1129 potitus
800 1072 975 1128 imperio
996 1077 1195 1127 tanquam
1217 1070 1339 1111 deum
1359 1084 1404 1112 se
1423 1071 1574 1112 consti-

103 1147 220 1182 tuere
240 1141 374 1192 vellet,
394 1155 443 1182 ac
463 1141 615 1198 templa
635 1140 819 1190 condere,
836 1145 875 1181 et
894 1145 1099 1196 quoereret
1117 1140 1311 1196 aliquem,
1332 1140 1405 1196 qui
1426 1139 1574 1180 liuma-

103 1223 204 1250 nam
215 1210 419 1266 figuram
441 1215 584 1264 posset
612 1209 863 1264 eoeprimere,
895 1213 995 1249 tunc
1015 1207 1286 1248 Prometheus
1314 1208 1470 1259 eoetitit,
1500 1209 1575 1264 qui

103 1277 285 1318 hominis
303 1277 481 1334 effigiem
501 1277 552 1318 de
576 1277 739 1334 pingui
758 1276 845 1317 luto
858 1277 1100 1332 figuraret,
1121 1276 1185 1316 ita
1206 1276 1507 1327 verisimiliter,
1527 1282 1577 1318 uc

104 1346 271 1387 novitas
290 1359 340 1386 ac
354 1345 569 1387 subtilitas
589 1345 698 1385 artis
719 1343 922 1384 miraculo
941 1349 1060 1384 esset.
1092 1343 1287 1399 Denique
1306 1344 1427 1385 illum
1447 1349 1486 1385 et
1505 1345 1575 1385 sui

106 1414 303 1469 temporis
331 1413 516 1455 homines
545 1419 585 1454 et
610 1418 755 1469 postea
782 1412 924 1452 Poetae
954 1416 1156 1467 tanquam
1170 1413 1368 1468 fictorem
1404 1414 1495 1454 veri
1526 1427 1576 1453 ac

107 1481 196 1521 vivi
215 1481 396 1522 hominis
405 1481 704 1538 prodiderunt,
726 1485 766 1521 et
784 1494 860 1521 nos
874 1481 1033 1536 quoties
1043 1480 1298 1535 ,fabrefacta
1317 1481 1448 1537 signa
1478 1481 1574 1522 lau-

106 1548 258 1590 damus
278 1550 419 1590 vivere
445 1550 521 1590 illa
550 1555 589 1590 et
617 1550 786 1606 spirare
805 1548 998 1590 dicimus.
1059 1549 1191 1590 Recte
1221 1555 1360 1590 autem
1383 1549 1576 1592 observat

109 1616 369 1669 Lactantius,
389 1616 591 1668 fabulam,
611 1632 708 1674 quae
729 1616 1028 1658 Prometheum
1049 1626 1274 1658 creatorem
1305 1617 1470 1674 generis
1496 1617 1575 1658 hu-

109 1684 219 1726 mani
237 1685 353 1736 facit,
374 1701 426 1727 ex
457 1684 542 1736 illa,
562 1701 660 1741 quae
679 1700 776 1726 eum
800 1684 990 1726 fictilium
1021 1685 1336 1727 simulacrorum
1364 1696 1577 1728 auctorem

109 1754 393 1810 nuncupabat,
414 1753 596 1795 fluxisse.
658 1753 900 1795 Secundum
922 1752 1122 1794 Ovidium
1143 1752 1280 1794 enimv

224 1822 370 1863 Natus
389 1822 506 1863 homo
526 1828 600 1873 est,
618 1823 708 1863 sive
726 1822 837 1863 hunc
856 1821 1003 1862 divino
1022 1822 1178 1862 semine
1180 1821 1296 1876 jecit

225 1890 308 1930 Ille
324 1890 469 1946 opifi’oe
488 1903 647 1940 rerum,
668 1891 818 1931 mundi
838 1891 1020 1932 melioris
1039 1892 1174 1947 orig0‚

227 1958 332 1999 Sive
350 1971 492 1999 recens
513 1958 648 2009 tellus,
669 1958 916 2016 seductaque
935 1973 1074 2016 nuper
1091 1959 1144 2000 ab
1164 1958 1248 2000 alto

226 2025 412 2075 AEthere,
433 2026 606 2082 cognati
625 2026 830 2068 retinebat
849 2028 1010 2068 semina
1028 2027 1132 2070 coeli.

230 2094 366 2141 Quam
385 2099 505 2135 satus
524 2094 685 2150 Iapeto,
705 2095 872 2136 mistam
876 2096 1136 2152 fluvialibus
1156 2095 1296 2146 undis,

227 2162 383 2203 Finxit
401 2163 448 2203 in
467 2162 648 2219 effigiem
669 2163 959 2206 moderantum
978 2170 1128 2206 cuncta
1147 2164 1331 2205 deorum.

115 2231 204 2271 Nec
233 2229 474 2280 defuerunt,
505 2229 578 2286 qui
610 2230 779 2271 modum
811 2231 1027 2273 creationis
1057 2231 1259 2274 curiosius
1290 2231 1581 2273 describerent.

115 2298 282 2340 Etenim
307 2298 486 2340 Horatio
507 2306 638 2340 testez
658 2298 870 2340 ferebatur
892 2300 1168 2342 Prometheus

571 2367 725 2407 addere
735 2368 930 2424 principi

229 2435 351 2475 Limo
370 2439 534 2475 coactus
551 2435 806 2490 particulam
829 2436 1013 2493 undique

230 2503 450 2543 Desectam
470 2508 509 2543 et
528 2503 672 2544 insani
691 2503 821 2545 leonis

296 2571 384 2610 Vim
403 2571 608 2612 stomacho
628 2572 872 2628 apposuisse
891 2577 1045 2613 nostro.

178 2639 295 2679 Inter
323 2637 456 2678 officia
486 2637 726 2680 Promethei
760 2654 859 2695 erga
893 2640 924 2680 J
927 2654 1044 2681 ovem
1081 2646 1236 2695 praeter
1270 2636 1439 2679 consilia
1473 2637 1510 2679 ei
1542 2637 1584 2678 in

162 2784 181 2802 x
205 2777 287 2818 Ejus
301 2777 398 2809 etiam
410 2777 547 2810 consiliis
563 2778 768 2811 Deucalionis
783 2789 889 2811 arcam
903 2780 1111 2811 fabrefactam
1126 2788 1193 2811 esse
1213 2783 1324 2810 auctor
1338 2783 1386 2810 est
1398 2777 1583 2820 Apollodor.

123 2843 133 2865 1
168 2840 183 2851 ’·
218 2842 246 2863 2.

139 2855 150 2873 '
163 2851 335 2918 slr'Metam.
356 2895 384 2925 ι,
404 2887 454 2926 78.
469 2897 534 2927 sqq.

162 2947 178 2966 2
195 2940 302 2972 Carm.
324 2950 350 2978 1,
368 2940 419 2978 16,
435 2949 484 2979 13.
500 2940 557 2971 ubi
571 2941 655 2971 conf.
671 2941 792 2973 Acron.
815 2940 981 2975 Alludunt
996 2943 1036 2974 ad
1047 2942 1131 2974 hanc
1146 2941 1289 2975 fabulam
1301 2942 1451 2975 Juvenal.
1469 2953 1520 2983 14,
1531 2953 1584 2986 35.

120 2995 250 3027 Phaedr.
263 2995 328 3027 fab.
343 3005 375 3034 4,
392 3006 422 3034 4.
441 2994 610 3027 Claudian-
628 2995 759 3028 Consul.
776 2995 901 3027 Honor.
919 3005 991 3037 232·

813 3062 887 3091 1³2
