1898 3178
288 195 315 236 6
823 193 1171 233 PRAEFATIO.

288 308 462 352 Eadem
487 322 590 366 quae
626 304 784 357 Baffi0‚
809 306 937 363 cujus
961 304 1232 364 Catalogum
1269 305 1471 348 nondum
1497 304 1712 354 videram,

286 382 399 426 mihi
434 397 614 440 quoque
648 382 696 424 in
734 385 940 424 mentem
976 381 1101 424 venit
1136 381 1354 439 suspicio:
1391 380 1597 423 codicem
1629 380 1714 423 sci-

287 457 397 502 licet
430 457 570 515 ipsius
605 455 807 500 Triclinii
845 469 985 499 manu
1020 461 1259 500 exaratum
1293 469 1404 499 esse.
1475 454 1558 498 Est
1590 454 1713 498 enim

286 533 431 577 nitide
475 537 523 577 et
568 531 811 576 emendate
855 530 1062 589 scriptus,
1108 537 1162 575 ut
1208 531 1439 575 eruditum
1479 529 1713 574 librarium

286 622 516 667 agnoscas.
584 606 712 651 Bene
752 610 1044 650 conservatus
1083 611 1166 657 est,
1211 610 1375 664 praeter
1418 605 1565 663 prima
1605 604 1715 648 Pro-

286 683 460 727 methei
483 681 603 734 folia,
628 697 727 740 quae
750 682 977 725 tinearum
1001 681 1225 725 morsibus
1249 686 1296 725 et
1319 679 1596 724 humiditate
1620 680 1715 724 fere

287 762 528 802 consumta
550 762 670 801 sunt.
734 756 870 800 Licet
891 755 1160 815 AEschylum
1182 771 1273 799 non
1292 756 1377 799 nisi
1401 770 1427 799 e
1451 756 1715 799 recensione

287 833 489 877 Triclinii
524 832 655 876 nobis
678 831 908 884 exhibeat,
931 831 1162 875 immerito
1186 837 1342 875 tamen
1376 830 1615 889 neglectus
1645 835 1715 874 est

286 923 314 952 a
350 907 573 959 Victorio,
609 907 686 965 qui
726 911 823 950 tam
862 906 911 949 in
949 905 1302 965 Agamemnone
1342 920 1479 964 quam
1524 905 1572 948 in
1616 904 1715 949 aliis

286 982 452 1027 fabulis
485 981 654 1026 multas
691 981 911 1025 lectiones
951 980 1147 1040 vulgatis
1183 980 1395 1024 meliores
1426 995 1484 1024 ex
1519 995 1573 1024 eo
1613 995 1716 1039 pro-

287 1057 404 1101 ferre
427 1057 664 1115 potuisset.
706 1055 912 1109 Quarum
935 1071 1075 1100 unam
1098 1061 1237 1113 atque
1259 1054 1450 1098 alteram
1473 1069 1712 1113 apponam.

288 1132 344 1175 In
379 1131 656 1176 Prometheo
691 1131 829 1190 vulgo
863 1130 1060 1190 legimus
1093 1145 1135 1173 v.
1161 1133 1255 1174 886.
1273 1124 1338 1173 *H
1373 1127 1558 1186 σοφὸς,ἧ
1592 1128 1715 1187 σοφὸς

287 1204 343 1261 ἦν,
371 1203 379 1268 Ι
410 1203 451 1256 ὃς
473 1211 617 1266 πρῶτος
643 1205 678 1250 ἒν
700 1203 835 1266 γνώμᾳ
857 1203 934 1250 τόδ’
959 1204 1184 1258 ἐβάστασε,
1208 1225 1246 1249 κ.
1264 1226 1302 1250 τ.
1320 1214 1357 1249 λ.
1402 1205 1595 1249 Rectius
1618 1206 1714 1249 Tri-

287 1281 474 1326 cliniust
499 1276 563 1325 *H
590 1278 728 1337 σοφός,
752 1278 776 1335 ἦ
801 1277 937 1336 σοφὸς,
959 1277 1002 1329 ὂς
1023 1284 1168 1340 πρῶτος
1197 1277 1273 1324 ⁷08’
1298 1279 1520 1333 ἐβάστασε,
1545 1300 1582 1325 κ.
1606 1301 1644 1325 τ.
1671 1291 1712 1325 λ.

287 1357 444 1401 Tacite
467 1357 653 1415 quidem
677 1356 847 1401 delevit
862 1352 930 1410 ἦνε
966 1355 1023 1400 de
1047 1354 1084 1400 ἐν
1104 1354 1240 1415 γνώμᾳ
1263 1370 1371 1400 vero
1393 1355 1490 1400 haec
1507 1357 1713 1400 monuit:

286 1428 470 1492 περισσὸν
493 1429 536 1486 ἦν
559 1430 719 1476 ἐνταῦθα
752 1428 796 1475 τὸ
820 1430 856 1476 ἐν
877 1428 1023 1491 γνώμᾳ.
1059 1428 1101 1486 ἦν
1128 1429 1220 1492 γὰρ,
1242 1428 1285 1481 ὃς
1317 1435 1462 1491 πρῶτος
1497 1429 1532 1475 ἐν
1565 1430 1714 1491 γνώμᾳ.

287 1504 343 1552 διδ
368 1506 561 1563 ἐξεβλήθη
582 1504 670 1567 παρ’
696 1505 802 1565 ἐμοῦ.
854 1504 979 1565 ὅμοιον
1000 1505 1076 1567 γὰρ
1107 1506 1185 1566 χρη
1217 1501 1310 1550 εἶναι
1345 1503 1388 1550 τό
1416 1510 1535 1550 κῶλον
1557 1511 1610 1567 τῷ
1643 1511 1715 1561 τῆς

287 1579 560 1643 ἀντιστρόφου.
629 1581 953 1640 Conjecturam
976 1582 1103 1626 vides
1125 1596 1218 1625 non
1247 1581 1384 1642 longe
1409 1582 1631 1626 diversam
1657 1583 1715 1627 ab

287 1672 353 1710 ea,
394 1673 532 1715 quam
577 1657 705 1701 dedit
751 1656 975 1701 Monkius
1012 1656 1225 1701 Censurae
1269 1657 1542 1710 Trimestris‚
1587 1657 1638 1701 T.
1673 1674 1713 1716 5.

286 1748 329 1791 p.
356 1737 450 1778 226.
476 1732 666 1777 Rectius
687 1737 846 1777 tamen
869 1732 1118 1777 Monkius:
1153 1730 1194 1783 ὃς
1220 1730 1357 1793 γνώμᾳ
1385 1731 1463 1778 τῶδ’
1488 1733 1713 1786 ἐβάστασε.

287 1806 503 1852 Alterum
558 1808 818 1867 sagacitatis
873 1807 1138 1867 exemplum
1195 1808 1323 1853 dedit
1365 1808 1606 1853 Triclinius
1658 1811 1715 1854 ad

287 1882 428 1926 Theb.
456 1887 550 1940 890.
582 1882 742 1927 Verba
764 1880 884 1927 οὐκέτ’
910 1879 971 1927 ἐπὶ
993 1881 1128 1944 φιλίᾳ,
1150 1881 1243 1927 ἀλλ’
1267 1880 1330 1928 ἐπὶ
1359 1881 1461 1945 φόνῳ
1491 1882 1715 1945 διεκρίθητε,

288 1958 452 2016 quibus
485 1957 599 2002 nihil
623 1964 692 2003 est
722 1958 771 2002 in
802 1958 1090 2017 antistropho
1114 1959 1237 2017 quod
1270 1959 1555 2017 respondeat,
1581 1958 1716 2003 Stan-

288 2032 378 2077 leio
417 2032 607 2091 aliisque
647 2033 909 2077 auctoribus
946 2034 1135 2077 tandem
1174 2033 1346 2078 delevit
1383 2033 1713 2079 Blomfieldius.

290 2106 501 2152 Delenda
533 2107 648 2151 vidit
682 2108 824 2152 etiam
857 2109 1111 2160 Triclinius‚
1143 2109 1272 2167 cujus
1306 2110 1446 2154 verba
1480 2116 1610 2155 sunt:
1646 2129 1716 2155 πε-

287 2179 422 2242 ρισσὸν
455 2179 498 2237 ἦν
522 2181 681 2226 ἐνταῦθα
703 2180 747 2226 τὸ
770 2181 891 2228 οὐκέτ’
917 2181 978 2229 ἐπὶ
1008 2182 1129 2244 φιλίᾳ
1152 2183 1246 2228 ἀλλ’
1272 2179 1334 2228 ἐπὶ
1357 2183 1458 2247 φόνῳ
1492 2183 1714 2245 διεκρίθητε,

288 2254 354 2302 καὶ
376 2255 540 2317 ἄμετρον
563 2254 628 2301 καὶ
651 2255 900 2312 κοινόλεκτον,
920 2256 974 2303 διδ
998 2256 1064 2303 καὶ
1083 2258 1275 2314 ἐξεβλήθη
1298 2257 1385 2319 παρ’
1405 2259 1510 2318 ἐμοῦ.
1548 2261 1716 2306 Multae

288 2338 395 2378 sunt
417 2333 515 2391 ejus
538 2334 808 2392 conjecturae
832 2334 902 2379 his
925 2348 1017 2380 non
1041 2335 1315 2383 deteriores:
1350 2336 1508 2381 multae
1532 2352 1716 2396 quoque

289 2408 459 2453 similes
503 2408 606 2462 illis,
653 2424 764 2467 quas
816 2410 937 2468 apud
994 2410 1271 2469 Sophoclem
1327 2412 1466 2456 toties
1511 2408 1717 2471 exagitat

289 2483 562 2528 Brunckius.
631 2483 709 2528 Ne
748 2483 911 2544 longus
950 2485 1048 2538 sim,
1088 2501 1181 2529 uno
1221 2486 1435 2545 exemplo
1471 2493 1717 2533 contentus

289 2573 379 2602 ero.
448 2558 605 2612 Quum
638 2559 687 2602 in
723 2558 849 2603 libris
887 2559 1115 2619 plerisque
1151 2560 1279 2605 nullo
1319 2576 1453 2607 sensu
1486 2563 1718 2623 legeretur

291 2633 443 2677 Prom.
473 2638 512 2677 6.
547 2632 825 2691 ἀδαμαντῖναις
861 2633 1022 2697 πέδῃσιν
1053 2635 1088 2680 ἔν
1124 2634 1327 2696 ἀρρήκτοις
1356 2636 1531 2698 πέτραις,
1565 2653 1717 2697 neque

290 2715 476 2753 exortus
499 2714 618 2753 esset
643 2708 904 2768 Stephanus
938 2710 1112 2769 aliquis,
1138 2711 1214 2769 qui
1243 2727 1398 2756 veram
1433 2713 1715 2772 scripturam,

289 2782 549 2842 ἀδαμαντίνων
582 2783 729 2843 δεσμῶν
763 2784 799 2829 ἐν
827 2784 1028 2847 ἀρρήκτοις
1059 2785 1210 2841 πέδαις,
1238 2788 1360 2845 apud
1395 2787 1716 2847 Aristophanis
