1898 3256
356 226 438 267 152
826 229 1318 270 ANNOTATIONES

410 335 505 377 228.
537 337 607 376 κάκ
627 336 692 376 Μ.
713 335 862 391 aliique
882 336 1000 377 multi
1020 346 1060 377 et
1081 337 1190 379 Rob.
1240 336 1325 377 Alii
1347 338 1389 378 ἐκ
1408 351 1502 378 cum
1526 337 1623 379 Ald.
1645 339 1779 379 Turn.

353 401 414 441 καὶ
436 401 716 443 Marcellinus.

405 467 552 522 ὕπερθ’]
573 467 670 520 ὑπέρ
690 485 732 508 τε
754 469 1034 509 Marcellinus.

410 544 502 587 229.
525 538 793 586 κρημναμενᾶν
814 535 1002 589 νεφελᾶν]
1031 536 1299 588 κρημναμέναν
1321 535 1496 588 νεφέλαν
1515 536 1670 577 codices
1699 536 1784 592 ple-

350 598 466 653 rique
486 609 526 640 et
548 601 683 640 Turn.
705 600 817 655 quod
841 610 1027 641 constans
1056 602 1140 642 fere
1168 601 1210 641 in
1240 601 1475 657 hujusmodi
1504 602 1693 657 genitivis
1720 618 1784 644 ac-

350 674 492 706 centus
511 665 652 707 vitium
674 676 748 716 est,
771 667 835 707 hic
863 667 915 708 ab
941 667 1120 708 Seidlero
1139 678 1378 718 correctum,
1400 668 1504 708 duce
1524 668 1781 719 Marcellino,

350 732 422 786 qui
451 732 725 784 κρημναμένων
758 738 936 786 νεφελῶν
966 733 1135 789 scripsit.
1181 734 1447 787 κρημναμένην
1477 734 1651 787 νεφέλαν
1680 734 1780 775 Ald.

352 799 461 839 Rob.

409 878 502 919 230.
525 866 628 921 ἐστὶ]
654 867 737 919 ἔχει
757 867 869 907 Rob.

409 949 502 991 231.
519 937 780 992 πειρωμένων]
802 931 1050 990 πειρωμένῧῖς
1070 939 1133 978 Μ.

409 1015 503 1058 232.
526 1003 634 1058 εἵσω]
657 1003 733 1044 ἔσω
755 1005 865 1046 Α.Β.

408 1080 628 1124 233-’235
638 1089 680 1107 =
692 1082 885 1124 239···24
894 1083 908 1110 ¹
917 1101 925 1109 ·

409 1148 504 1190 233.
535 1135 732 1187 ἀδάματον
761 1137 966 1178 Pauwius.
1012 1136 1237 1189 ἀδάμαστον
1268 1137 1380 1178 libri:
1413 1152 1497 1192 qua
1528 1137 1659 1178 forma
1689 1152 1783 1179 nus—

350 1217 473 1258 quam
498 1203 558 1243 usi
579 1211 675 1243 sunt
695 1202 849 1258 tragici.

408 1282 501 1324 235.
522 1270 578 1311 τίς
594 1268 810 1309 Heathius.
841 1270 881 1309 τί
892 1269 998 1309 libri.
1031 1270 1179 1310 Versus
1193 1279 1265 1310 aut
1280 1285 1330 1310 ex
1347 1270 1524 1311 trochaeo
1539 1279 1580 1311 et
1595 1270 1783 1311 dochmio

350 1335 611 1391 compositus,
631 1345 716 1385 aut,
738 1335 849 1390 quod
871 1350 951 1376 non
971 1335 1250 1391 improbabile,
1272 1337 1576 1392 parapaeonicus

688 1400 717 1431 -l'
735 1428 762 1442 υ
782 1422 809 1442 υ
828 1423 855 1442 U
875 1422 902 1442 U
927 1401 933 1456 Ι
958 1401 987 1431 -Ι
1004 1425 1032 1442 υ
1049 1426 1088 1442 ’‘-

407 1467 595 1523 Νέμεσις]
615 1468 802 1509 Invidia.
834 1469 1006 1508 Homer.
1035 1468 1157 1509 Iliad.
1182 1470 1232 1517 Ξ,
1255 1469 1321 1510 80.
1354 1470 1414 1510 Οὐ
1442 1469 1517 1522 γάρ
1543 1486 1599 1512 τις
1628 1469 1785 1521 νέμεσις

351 1534 514 1587 φυγέειν
545 1536 673 1575 κακόν.
725 1534 794 1574 Cf.
828 1534 948 1575 Iliad.
978 1538 1019 1574 Γ.
1054 1536 1145 1588 156.
1198 1534 1396 1575 Pisander
1421 1536 1534 1590 apud
1567 1536 1681 1576 Stob.
1718 1548 1781 1578 12.

351 1617 393 1657 p.
418 1613 482 1656 79.
506 1603 565 1642 Οὐ
586 1601 742 1653 νέμεσις
772 1602 835 1642 καὶ
861 1605 1007 1654 ψεῦδος
1035 1602 1130 1654 ὑπὲρ
1158 1605 1290 1655 ψυχῆς
1319 1603 1532 1655 ἀγορεύειν.
1583 1602 1785 1643 Stanleius

353 1668 451 1709 citat
473 1668 616 1723 virgil.
640 1669 740 1710 AEn.
762 1682 805 1719 4,
825 1680 920 1722 349.
953 1668 1182 1709 BLOMF.

411 1737 505 1791 236.
528 1737 632 1777 οὔτοι
652 1736 771 1775 L.M.
794 1735 876 1775 οὔτι
899 1734 1034 1790 vulgo.

411 1805 503 1857 238.
535 1801 693 1857 ἕκηλος]
721 1803 881 1852 εὔκηλος
899 1801 1017 1842 codd.
1040 1801 1195 1857 aliquot
1215 1810 1256 1842 et
1274 1802 1375 1844 Ald.
1398 1802 1506 1843 Rob.
1530 1804 1682 1853 Turn.‚
1705 1817 1785 1844 non

354 1869 498 1924 Steph.

412 1947 505 1989 239.
537 1936 738 1976 ποταίνιον
759 1936 931 1976 κλύουσα
950 1934 1145 1989 πάταγον]
1178 1936 1271 1975 Non
1289 1935 1534 1990 respondent
1554 1934 1641 1976 haec
1660 1935 1784 1976 verba

354 2002 486 2042 versui
516 2002 722 2057 stropllico
743 2015 838 2057 233.
869 2004 931 2043 διὰ
961 2006 1060 2043 θεῶν
1088 2005 1205 2043 πόλιν
1235 2001 1481 2053 νεμόμεθ’-,
1503 2002 1568 2043 cui
1594 2002 1691 2043 vitio
1710 2002 1783 2043 etsi

352 2068 409 2109 sic
429 2068 579 2109 mederi
600 2068 716 2109 liceat
736 2077 782 2108 ut
803 2069 880 2108 διαὶ
900 2068 1101 2108 scribatur
1121 2083 1212 2108 cum
1235 2069 1476 2108 Hermanno
1495 2068 1608 2124 apud
1634 2068 1784 2109 Seidle-

353 2149 444 2175 rum
479 2134 531 2174 de
562 2149 665 2174 vers.
700 2134 861 2174 dochm.
902 2149 942 2189 p.
975 2147 1042 2188 94,
1077 2149 1196 2175 versu
1233 2150 1284 2175 ex
1321 2135 1497 2189 tripodia
1535 2135 1706 2176 iambica
1743 2146 1785 2177 et

353 2201 543 2242 dochmio
562 2200 797 2256 composito,
827 2200 1145 2255 praecedentium
1177 2211 1309 2241 tamen
1340 2201 1597 2256 stropharum
1625 2215 1786 2256 compa-

353 2268 457 2308 ratio
475 2267 572 2307 facit
595 2277 640 2307 ut
658 2267 773 2322 puris
802 2266 938 2321 potius
958 2266 1155 2308 dochmiis
1176 2267 1420 2322 AEschylum
1442 2282 1527 2308 esse
1557 2283 1673 2308 usum
1697 2282 1784 2308 cre-

354 2334 511 2374 damus.
572 2333 846 2383 Quamobrem
876 2332 1124 2388 probabilior
1157 2333 1325 2374 Heathii
1358 2334 1591 2389 conjectura
1623 2334 1786 2375 videtur

353 2400 472 2441 aliam
492 2399 697 2455 quandam
725 2397 915 2454 adjectivi
943 2399 1144 2440 ποταίνιον
1163 2399 1334 2440 formam
1355 2400 1564 2448 exstitisse,
1586 2400 1786 2442 ποτάνιον.

355 2468 475 2517 Quod
496 2467 528 2507 si
545 2476 655 2507 recte
674 2465 741 2506 ille
764 2465 949 2520 conjecit,
970 2466 1147 2517 ἀφνίδιος
1174 2467 1397 2521 comparari
1417 2475 1564 2521 potest,
1579 2467 1691 2521 quod
1712 2481 1787 2521 pro

358 2535 551 2586 αἰφνίδιος
574 2532 758 2588 AEschyl
794 2532 1008 2573 Prom.68.
1030 2532 1267 2573 certissima
1301 2533 1580 2573 emendatione
1608 2533 1787 2574 restituit

356 2599 593 2640 Elmsleius.

412 2665 600 2719 ἀνάμιγα]
634 2665 712 2716 ἅμα
743 2664 878 2720 vulgo.
930 2665 1168 2706 Correetum
1199 2665 1373 2706 ducibus
1404 2666 1522 2706 L.M.
1543 2664 1614 2719 qui
1641 2665 1787 2716 ἄμμιγα

356 2731 636 2787 praebuerunt.

415 2810 511 2850 240.
532 2797 653 2852 τάνδ’]
679 2797 781 2848 τήνδ’
803 2797 904 2838 Ald.
927 2798 1035 2838 Rob.

411 2866 646 2917 ἀκρόπτολιν
667 2865 885 2904 Porsonus.
917 2864 1129 2916 ἀκρόπολιν
1147 2862 1252 2904 libri.

415 2941 509 2981 242.
528 2930 580 2981 μὴ
601 2929 690 2984 νῦν]
711 2929 763 2981 μή
784 2946 852 2971 νυν
873 2928 1153 2971 Blomfieldus.
1183 2931 1323 2971 Recte.
