1898 3256
337 219 420 259 124
802 220 1295 261 ANNOTATIONES
1319 207 1323 209 ’

334 326 377 366 in
408 326 641 368 Cithaerone
670 337 806 369 monte
835 328 1042 383 expositus
1071 338 1141 369 est.
1203 329 1324 368 Hanc
1347 327 1499 367 fabulae
1528 335 1683 382 partem
1712 326 1761 366 si-

333 392 458 434 lentio
486 394 682 449 praeteriit
702 394 922 450 AEschylus
949 394 990 434 in
1021 394 1096 435 hac
1117 393 1339 449 tragoedia3
1369 393 1646 434 adhibuerunt
1666 406 1762 432 vero

336 459 583 514 Sophoclesk
601 469 641 501 et
660 460 911 517 Euripidesl.

390 525 641 581 Expositum
678 527 768 567 Laii
799 527 993 567 infantem
1026 526 1174 582 Polybi
1206 524 1511 567 Corinthiorum
1551 523 1657 578 regis
1687 523 1763 563 bu-

332 591 442 632 bulci
462 591 514 632 ad
536 592 764 633 Periboeam
794 593 901 633 illius
931 608 1098 633 uxorem
1127 593 1402 641 contulerunt,
1427 605 1522 646 quae
1550 599 1758 645 acceptum

331 658 384 698 ab
403 658 451 699 iis
479 673 666 714 puerum,
688 669 736 700 ut
762 659 970 714 proprium
1001 673 1175 715 puerum
1197 658 1399 708 educavit,
1420 657 1709 712 OEdipumque
1737 670 1762 695 a

331 723 483 778 pedum
506 734 664 766 tumore
683 725 904 767 nominavit
918 734 964 765 m,

389 790 575 832 Adultus
602 791 755 832 interea
783 791 981 847 OEdipuS,
1011 792 1065 832 ob
1087 791 1281 832 invidiam
1312 791 1363 831 ab
1384 789 1622 845 aequalibus,
1646 786 1759 843 quod

332 856 495 911 spurius
523 866 641 907 esset,
672 857 862 898 conviciis
889 857 1108 907 lacessitus,
1133 872 1263 912 quum
1292 872 1317 897 a
1347 856 1549 905 Periboea,
1566 853 1666 910 quid
1694 868 1761 893 ve-

332 937 423 962 rum
448 933 567 973 esset,
596 939 836 979 cognoscere
866 939 944 964 non
975 933 1123 978 posset,
1151 923 1334 977 Delphos
1363 922 1568 978 profectus
1602 930 1676 969 est,
1708 919 1760 960 de

330 989 433 1029 veris
451 990 686 1044 parentibus
706 990 937 1045 Apollinem
970 990 1304 1044 interrogaturus.
1364 990 1407 1029 A
1426 1004 1510 1044 quo
1533 1002 1584 1028 ne
1611 988 1653 1027 in
1682 1001 1757 1041 pa-

330 1055 447 1096 triam
478 1056 852 1107 rediret,'monitus,
877 1057 988 1112 quod
1019 1057 1055 1097 ei
1084 1056 1205 1096 fatale
1233 1065 1349 1104 esset,
1381 1066 1535 1110 patrem
1563 1053 1759 1102 occidere,

329 1132 369 1162 et
389 1137 481 1162 cum
506 1132 631 1163 matre
650 1124 940 1171 concumbere;
975 1123 1171 1178 OEdipuS‚
1193 1122 1303 1177 quod
1335 1137 1376 1162 se
1404 1122 1456 1162 ab
1475 1121 1538 1174 iis,
1559 1119 1631 1175 qui
1651 1119 1757 1160 dice-

329 1198 481 1239 rentur,
521 1199 767 1245 prognatum
808 1205 893 1231 esse
925 1190 1122 1239 crederet,
1157 1188 1401 1230 Corinthum
1435 1187 1566 1228 redire
1605 1186 1758 1235 noluit;

327 1269 541 1310 quumque
575 1271 648 1311 per
683 1256 905 1296 Phocidem
941 1256 1170 1303 veheretur,
1205 1264 1377 1309 angusta
1408 1254 1585 1309 quadam
1621 1253 1661 1292 in
1695 1252 1758 1292 via

327 1320 447 1371 Laio,
469 1322 638 1376 ejusque
659 1322 846 1364 Praeconi
868 1322 1140 1379 Polyphontae
1160 1322 1358 1368 occurrit;
1391 1321 1456 1361 cui
1477 1334 1605 1375 quum
1628 1319 1751 1373 Poly·.

326 1387 512 1442 phontes‚
535 1399 581 1429 ut
610 1389 661 1429 de
692 1390 757 1430 via
785 1389 959 1439 cederet,
988 1389 1236 1444 imperasset,
1259 1386 1518 1428 altercatione
1546 1395 1648 1435 orta,
1670 1395 1757 1426 tan-

326 1453 418 1494 dem
441 1454 624 1509 OEdipus
655 1455 801 1496 Laium
833 1465 873 1496 et
898 1455 1196 1511 Polyphontem
1227 1453 1427 1495 interfecit
1439 1462 1472 1491 ¹¹.
1536 1451 1758 1506 AEschylus

326 1520 402 1561 hoc
421 1521 575 1561 factum
596 1521 738 1561 leviter
758 1522 888 1577 tangit
908 1537 947 1561 v.
970 1534 1064 1576 751.

384 1589 483 1628 Post
510 1603 639 1642 quum
673 1588 829 1643 Sphinx
861 1588 929 1628 illa
954 1588 1060 1628 cives
1088 1587 1309 1628 Thebanos
1339 1583 1559 1635 infestaret,
1586 1600 1757 1639 eamque

326 1653 508 1709 OEdipus
540 1654 810 1705 sustulissetO,
840 1670 907 1695 rex
943 1654 1236 1694 Thebanorum
1271 1653 1512 1700 declaratus,
1547 1653 1755 1692 Jocastam

326 1735 493 1760 uxorem
516 1721 640 1761 ducit.
680 1721 935 1778 Pherecydes
953 1731 1088 1761 autem
1103 1730 1122 1757 Ρ
1142 1719 1346 1760 memoriae
1367 1719 1614 1774 prodiderat,
1634 1717 1757 1759 (Edi-

325 1801 423 1842 pum
460 1802 482 1827 e
516 1788 694 1828 Jocastae
727 1788 932 1828 connubio
966 1787 1224 1827 Phrastorem
1264 1795 1305 1826 et
1340 1787 1591 1840 Laonytum,
1626 1785 1697 1839 qui
1733 1799 1757 1824 a

326 1855 484 1910 Minyis
503 1863 543 1895 et
565 1854 723 1910 Ergino
742 1854 859 1895 occisi
889 1854 996 1900 sinim
1028 1863 1168 1909 postea
1189 1869 1284 1894 vero
1307 1868 1358 1894 ex
1380 1854 1641 1908 Euryganeae
1660 1868 1754 1894 con-

318 1923 439 1977 jugio
459 1922 713 1977 Antigonen,
736 1923 939 1971 Ismenen,
961 1920 1170 1961 Eteoclem
1196 1930 1236 1961 et
1257 1920 1492 1975 Polynicem
1525 1919 1756 1975 suscepisse.

325 1990 498 2029 Mortua
523 1988 700 2043 denique
732 1989 979 2042 Euryganea
1000 1986 1203 2042 (Edipum
1224 2001 1316 2027 cum
1339 1986 1618 2042 Astymedusa
1639 1986 1755 2027 Sthe-

323 2055 403 2095 neli
424 2054 506 2095 filia
525 2054 689 2107 nuptias
707 2053 963 2094 contraxisse.

381 2121 579 2176 OEdipus,
614 2130 828 2175 postquam
861 2119 1033 2174 piacula,
1069 2119 1256 2173 quamvis
1288 2120 1340 2159 ab
1374 2119 1499 2160 inscio
1532 2129 1573 2160 et
1602 2119 1757 2174 impru-

323 2188 445 2228 dente
479 2187 554 2227 sibi
585 2195 792 2227 contracta
822 2196 1081 2241 cognoverat,
1117 2185 1338 2226 secundum
1372 2186 1632 2241 AEschylum,
1663 2185 1755 2226 filiis

322 2268 495 2309 regnum
538 2252 822 2294 invadentibus
862 2252 1020 2293 Thebis
1057 2253 1254 2308 profugit,
1294 2262 1418 2308 atque
1457 2262 1676 2307 antequam
1713 2252 1754 2292 in

323 2320 445 2361 exilio
465 2329 702 2369 moreretur,
724 2334 791 2359 eos
805 2318 903 2359 diris
923 2318 1107 2368 devovet,
1127 2328 1253 2373 utque
1273 2319 1380 2359 ferro
1399 2319 1451 2359 de
1473 2333 1600 2374 regno
1618 2318 1754 2359 decer-

324 2397 470 2436 tarent,
501 2396 702 2441 precatur.
763 2385 816 2425 Id
845 2399 937 2425 eum
963 2385 1188 2441 AEschylus
1215 2394 1431 2441 propterea
1457 2385 1595 2426 fecisse
1624 2384 1754 2439 fingit,

323 2454 435 2510 quod
471 2453 561 2493 filiis
589 2453 643 2493 ob
673 2452 836 2492 nimiam
869 2452 1065 2506 regnandi
1096 2452 1303 2493 libidinem
1333 2451 1620 2493 succensuerit.
1681 2453 1755 2492 So-

323 2520 486 2576 phocles
506 2534 603 2559 vero
624 2519 664 2558 in
685 2518 846 2573 OEdipo
866 2519 1072 2559 Coloneoq
1093 2519 1197 2559 hanc
1216 2534 1377 2559 causam
1398 2519 1530 2568 affert,
1552 2518 1663 2573 quod
1685 2518 1755 2558 filii

323 2597 479 2642 patrem
502 2585 634 2641 patria
654 2586 816 2641 pulsum
838 2600 910 2625 nec
931 2585 1182 2635 retinuerint,
1205 2600 1278 2626 nec
1297 2585 1564 2635 defenderint,
1580 2600 1757 2640 eumque

366 2729 386 2752 k
404 2727 443 2757 In
459 2726 565 2765 OEdip.
586 2726 663 2766 Tyr.
676 2736 707 2756 v.
722 2732 799 2765 1135
813 2736 878 2766 sqq.
980 2727 991 2751 l
1008 2726 1165 2756 Phoeniss.
1183 2736 1210 2756 v.
1221 2734 1278 2764 ,24
1377 2733 1405 2751 11¹
1423 2727 1533 2766 Eurip.
1553 2726 1679 2756 Diodor.
1695 2726 1755 2756 Sic.

324 2779 506 2819 Apollodor.
521 2779 555 2809 ll.
569 2779 602 2809 11.
716 2786 735 2803 ¹¹
752 2779 802 2810 Sic
816 2779 1038 2819 Apollodorus,
1054 2785 1086 2810 et
1100 2779 1277 2819 Euripides,
1293 2780 1400 2819 paucis
1415 2779 1505 2810 aliter
1519 2779 1705 2818 informatis,
1721 2779 1754 2808 ll.

324 2843 367 2864 cc.
392 2833 557 2863 Consentit
570 2833 666 2863 etiam
682 2832 851 2863 Diodorus.
931 2839 948 2857 ⁰
965 2832 1118 2863 Fabulam
1133 2832 1219 2862 illam
1231 2834 1270 2863 de
1285 2833 1433 2873 Sphingis
1447 2834 1613 2873 aenigmate
1624 2833 1754 2873 AEschy-

323 2887 373 2917 lus
387 2886 548 2926 praeteriit,
564 2891 752 2925 tantumque
767 2895 836 2916 eam
852 2883 1097 2925 ἆναρπαξάνδραν
1111 2886 1150 2916 ab
1167 2886 1282 2926 OEdipo
1303 2886 1457 2917 sublatam
1475 2896 1540 2918 esse
1562 2887 1754 2917 memoravit.

324 2947 342 2970 p
360 2939 453 2970 Teste
469 2939 562 2969 schol.
579 2940 618 2969 ad
636 2939 745 2978 Eurip.
763 2938 918 2969 Phoeniss.
934 2949 964 2967 v.
979 2947 1029 2977 53.
1119 2946 1136 2970 q
1153 2950 1182 2968 v.
1200 2949 1235 2977 4¹
1247 2948 1271 2978 7.
1288 2950 1352 2978 sqq.
