1898 3256
564 206 653 246 AD
685 205 1164 246 PROMETHEUM.
1540 207 1597 247 23

131 324 335 358 manente.
397 319 693 360 Prometheum
709 333 813 359 ‘vero
835 317 1020 374 Jupiter,
1042 317 1173 359 iratus
1202 317 1317 373 quod
1339 332 1478 359 secum
1501 333 1597 360 con-

130 381 220 423 silio
240 393 281 425 et
300 384 451 427 astutia
472 385 762 435 contendisset,
786 384 1026 426 firmissimis
1045 385 1317 442 compedibus
1339 384 1595 442 vinculisque

129 449 359 493 durissimis
395 451 449 493 ad
488 452 722 493 columnam
753 450 966 507 alligavit3
1010 451 1132 507 eique
1165 451 1375 507 aquilam⁰
1410 452 1594 503 immisit,

128 516 260 574 hepar
287 519 378 575 ejus
407 519 703 571 comedentem,
733 519 789 561 sic
824 529 872 561 ut
899 528 1104 575 quantum
1140 519 1320 561 interdiu
1357 520 1595 563 devorasset

127 585 278 641 aquila,
312 596 437 628 noctu
471 596 728 629 recresceret.
790 587 864 628 Ab
895 587 972 630 hac
1002 597 1116 644 peste
1147 588 1445 629 Prometheum
1479 590 1591 630 Her-

127 653 239 695 cules
260 653 462 705 liberavit,
483 670 665 712 eumque
685 671 780 698 cum
802 657 915 696 Jove
933 655 974 696 in
995 655 1172 712 gratiam
1194 655 1378 698 reduxit.

184 721 300 763 Huic
334 722 463 778 igitur
491 723 648 765 fabulae
678 723 892 764 veritatem
924 722 1104 779 aliquam
1137 722 1372 765 historicam
1405 724 1589 775 subesse,

118 789 206 845 jam
228 789 326 832 olim
347 791 420 847 qui
440 792 655 834 crederent
674 806 756 832 non
779 791 1017 833 defuerunt.
1078 791 1327 833 Herodorus
1354 792 1462 833 enim
1491 808 1587 849 pro-

123 857 258 900 diditi>
298 860 594 902 Prometheum
636 875 774 916 regem
815 859 943 900 fuisse
991 859 1260 916 Scytharum,
1303 875 1446 916 quem,
1492 876 1587 902 cum

123 926 300 969 subditis
339 928 494 970 victum
529 928 715 985 praebere
748 942 830 969 non
866 936 1017 984 posset,
1050 936 1272 983 propterea
1306 927 1420 983 quod
1452 926 1590 971 Ἀετὸς

122 992 274 1035 fluvius
292 1010 414 1051 agros
432 995 722 1046 inundaverat,
746 995 914 1051 Scythae
934 995 975 1035 in
999 995 1164 1036 vincula
1183 995 1444 1051 conjecerint.
1478 996 1590 1036 Her-

121 1063 255 1103 culem
278 1078 388 1114 vero,
416 1079 510 1105 cum
542 1064 584 1105 in
615 1065 713 1106 istas
742 1063 928 1119 regiones
954 1063 1144 1112 venisset,
1166 1062 1340 1103 fluvium
1371 1062 1515 1105 Ἀετὸν
1545 1063 1585 1103 in

122 1144 235 1172 mare
264 1130 485 1174 deduxisse
515 1133 643 1186 (unde
673 1131 816 1173 occisae
845 1130 997 1186 aquilae
1027 1138 1119 1171 orta
1149 1130 1198 1171 sit
1231 1129 1390 1184 fabula)
1416 1131 1587 1172 Prome-

121 1197 350 1255 theumque
385 1199 559 1241 vinculis
598 1200 800 1241 liberasse.
864 1198 1062 1240 Similiter
1092 1200 1303 1255 Agroetas
1342 1198 1383 1239 in
1425 1198 1586 1240 decimo

121 1266 243 1307 tertio
265 1267 551 1323 Scythicorum
583 1268 688 1309 libro
709 1268 929 1315 nat-ravim,
951 1266 1124 1308 flumine
1143 1266 1215 1307 illo
1233 1265 1358 1323 Ἀετῷ
1383 1267 1584 1324 optimam

119 1344 161 1375 et
180 1334 469 1376 fertilissimam
495 1335 732 1377 Promethei
752 1344 902 1376 terram
923 1334 1113 1375 afflictam
1140 1334 1291 1382 fuisse;
1324 1334 1421 1376 inde
1451 1345 1584 1377 ortam

117 1416 206 1443 esse
231 1402 415 1444 fabulam
442 1403 495 1444 de
525 1403 673 1460 hepate
704 1403 794 1460 ejus
823 1403 877 1444 ab
907 1402 1047 1459 aquila
1077 1402 1296 1459 depast0r;
1328 1403 1434 1456 ἧπαρ
1459 1403 1584 1455 enim,

119 1470 227 1512 sicut
257 1472 392 1524 οὖθαρ,
421 1487 446 1513 a
476 1471 617 1514 multis
649 1471 732 1513 dici
762 1478 918 1513 terram
932 1470 1225 1526 fluctuosum.
1289 1472 1400 1512 Cum
1433 1470 1584 1513 deinde

119 1537 326 1580 Hercules
344 1539 463 1581 fossis
482 1555 632 1596 aquam
655 1539 891 1586 derivasset‚
913 1538 956 1579 id
977 1537 1202 1579 narrationi
1223 1537 1276 1579 de
1296 1538 1411 1580 caede
1430 1539 1583 1595 aquilae

115 1614 158 1646 et
187 1605 427 1648 liberatione
455 1606 693 1648 Promethei
724 1621 799 1662 per
834 1605 1059 1647 Herculem
1092 1605 1202 1647 facta
1234 1605 1368 1647 locum
1405 1606 1580 1648 dedisse.

118 1674 272 1716 Verum
302 1675 409 1716 enim
435 1691 548 1725 vero,
577 1675 666 1717 haec
695 1675 834 1716 omnia
865 1674 996 1730 magis
1026 1674 1259 1715 historicam
1292 1675 1447 1717 fabulae
1477 1676 1582 1717 anti-

115 1742 271 1798 quioris
300 1743 698 1800 interpretationem,
720 1757 846 1799 quam
869 1742 1016 1783 veteris
1042 1741 1218 1798 alicujus
1245 1742 1453 1784 memoriae
1476 1744 1579 1785 veri-

116 1820 258 1862 tatem,
279 1811 514 1853 recentioris
533 1811 689 1853 fabulae
710 1825 873 1852 causam
902 1809 1077 1865 prodere
1101 1809 1305 1851 videntur.
1367 1810 1579 1866 Equidem

117 1877 349 1920 historicam
371 1894 586 1935 personam
608 1878 735 1920 fuisse
756 1877 1052 1934 Prometheum
1077 1878 1146 1918 vix
1175 1877 1432 1920 crediderim.
1497 1879 1578 1920 Sed

115 1945 269 2001 primas
289 1946 341 1987 de
362 1946 613 1988 Prometheo
632 1946 795 1988 fabulas
813 1945 1148 1987 comminiscendi
1168 1945 1348 2002 origines
1368 1946 1422 1987 ab
1442 1946 1580 1988 obser-

114 2013 278 2055 vatione
306 2013 647 2071 philosophorum
680 2014 923 2071 repetendas
953 2029 1040 2054 esse
1071 2012 1274 2063 existimo,
1306 2013 1380 2069 qui
1410 2014 1577 2065 artium,

113 2080 300 2136 inprimis
338 2081 459 2137 ignis,
494 2082 770 2123 inventionem
810 2084 856 2138 τῇ
896 2082 1113 2136 προμηθείᾳ
1148 2080 1288 2122 deberi
1328 2081 1576 2125 docuissent.

114 2150 240 2191 Hanc
258 2149 408 2191 deinde
428 2150 668 2203 προμήθειαν
688 2158 838 2206 poetae,
861 2165 966 2206 quos
994 2150 1284 2205 prosopopoeia
1305 2149 1425 2191 unice
1446 2150 1577 2193 delec-

113 2217 188 2258 tari
210 2227 354 2259 notum
374 2228 450 2268 est,
468 2218 510 2259 in
532 2233 749 2275 personam
770 2227 1001 2267 mutarunt,
1024 2217 1144 2273 eique
1166 2217 1404 2259 Promethei
1426 2234 1574 2261 nomen

110 2284 365 2327 indiderunt.
427 2287 485 2327 Et
505 2286 700 2342 quoniam
723 2286 962 2339 προμηθείας
989 2301 1019 2326 s,
1042 2285 1167 2326 animi
1197 2285 1388 2327 sollertiae
1416 2286 1575 2343 duplex

153 2427 171 2444 θ
189 2420 370 2452 Nonnullos
385 2422 543 2452 vulturem
557 2421 585 2452 ei
602 2421 780 2452 immissum
791 2420 930 2458 finxisse,
946 2419 1108 2460 colligitur
1117 2430 1157 2450 ex
1169 2420 1219 2449 his
1233 2420 1377 2450 Petronii
1394 2420 1574 2452 versiculis:

459 2475 523 2511 Qui
538 2475 648 2505 vultur
656 2475 751 2514 jecur
765 2475 910 2505 intimum
925 2479 1074 2514 pererrat

456 2530 501 2559 Et
512 2532 622 2568 pectus
637 2529 744 2568 trahit,
761 2530 950 2568 intimasque
955 2529 1069 2567 fibras,

455 2584 535 2614 Non
550 2587 605 2621 est,
622 2593 711 2622 quem
727 2583 822 2623 lepidi
837 2587 948 2613 vocant
960 2586 1071 2622 poetoe,

456 2638 518 2668 Sed
531 2638 631 2668 cordis
646 2638 743 2676 mala,
758 2637 839 2667 livor
850 2641 945 2677 atque
960 2637 1066 2666 luxus.

151 2697 170 2720 Ρ
188 2689 284 2720 Teste
300 2689 442 2720 Eudocia
458 2690 492 2720 in
506 2690 607 2731 Ἰωνιᾷ
622 2702 652 2731 p.
668 2691 744 2730 346.
935 2698 954 2722 q
972 2690 1053 2720 lbid.
1071 2700 1100 2729 p.
1118 2696 1192 2728 347.
1379 2694 1393 2711 r
1410 2688 1572 2720 Diodorus

107 2743 233 2775 Siculus
253 2749 362 2774 autem
378 2752 406 2782 1,
423 2753 471 2785 19.
488 2750 610 2782 narrat,
626 2744 720 2775 istam
742 2744 987 2775 inundationem
1005 2743 1072 2774 Nili
1092 2743 1189 2773 fuisse
1204 2742 1238 2772 in
1256 2742 1408 2782 AEgypto,
1424 2743 1475 2773 cui
1499 2749 1571 2774 tum

78 2835 81 2837 Δ
108 2796 321 2828 Prometheus
335 2796 468 2837 imperio
488 2797 672 2837 praefueriu
697 2797 873 2837 Nilumque
895 2797 970 2828 inde
993 2806 1110 2827 nomen
1131 2795 1244 2836 aquilae
1268 2795 1421 2836 accepisse
1441 2802 1571 2836 propter

105 2850 297 2882 nelei-itatem
313 2850 510 2891 irruptionis.
535 2851 707 2882 Herculem
724 2851 838 2882 deinde
851 2851 988 2882 fluvium
1004 2850 1038 2880 in
1054 2850 1204 2890 pristinos
1217 2849 1278 2880 alvi
1292 2850 1373 2881 fines
1385 2850 1568 2881 coercuisse.

107 2905 222 2936 Postea
242 2904 337 2936 istam
359 2914 427 2935 rem
454 2915 473 2935 a
499 2904 684 2936 Graecorum
707 2904 806 2944 poetis
831 2905 871 2934 ad
897 2903 1038 2934 fabulam
1062 2905 1100 2934 de
1127 2903 1244 2944 aquila,
1272 2904 1454 2935 Promethei
1478 2905 1571 2943 jecur

104 2959 302 2998 depascente,
317 2959 475 2989 detortam
490 2968 565 2990 esse.
