1898 3256
367 244 456 286 AD
489 242 744 286 SEPTEM
776 240 1105 283 ADVERSUS
1137 239 1409 282 THEBAS.
1537 236 1630 278 215.

220 355 316 409 879.
338 353 518 410 εὕροντο]
542 353 814 396 Scribendum
835 353 1015 406 ηὕροντο.
1048 351 1212 405 εὕραντο
1233 349 1330 392 Ald.
1356 347 1467 391 Rob.

218 423 338 479 λύμῃ]
363 424 467 478 λύμᾳ
486 422 573 464 duo
592 421 766 463 codices.

221 490 319 532 880.
341 490 546 547 δωμάτων]
565 489 744 542 δομάτων
765 487 874 530 Rob.
906 489 1036 540 δόμων
1054 486 1212 543 aliquot
1234 485 1358 527 codd.
1379 494 1421 527 et
1441 484 1546 526 Ald.

224 558 320 600 881.
352 557 629 613 ἐρειψίτοιχοι]
662 557 925 611 ἐρριψίτοιχοι
945 557 1012 598 Μ,
1044 556 1283 610 ἔριψίτοιχοι
1311 553 1470 611 aliquot
1499 552 1621 596 codd.

163 635 206 668 et
225 625 328 667 Ald.
349 625 460 667 Rob.

221 694 317 749 885.
337 695 378 735 τί
395 693 441 745 δὴ
462 693 756 735 Lachmannus
775 692 828 735 de
846 692 957 735 chor.
983 702 1148 750 system.
1169 707 1212 748 p.
1235 690 1305 746 78.
1324 690 1397 743 ἤδη
1417 689 1524 731 libri.

221 761 296 803 σὺν
314 776 394 803 om.
414 760 573 818 aliquot
591 760 712 803 codd.
732 770 774 803 et
794 759 906 802 Rob.

223 830 324 871 Post
355 829 501 885 σιδάρῳ
530 829 659 886 vulgo
686 829 876 871 additum
908 829 977 870 οὐκ
1008 828 1064 870 ἔτ’
1094 826 1163 881 (ἔτ’
1189 841 1272 868 om.
1293 826 1367 880 A.)
1401 826 1466 867 ἐπὶ
1495 827 1625 881 φιλίᾳ,

165 896 257 939 ἀλλ’
275 898 338 939 ἐπὶ
358 898 469 952 φόνῳ
489 899 716 951 διεκρίθητε.
746 898 827 938 Est
842 897 1025 938 scholion
1042 896 1096 937 ad
1116 895 1335 949 διήλλαχθε
1351 893 1626 950 adscriptum,

165 980 251 1022 quo
281 974 421 1006 carent
449 966 531 1006 Ar.
560 974 602 1007 et
631 965 763 1007 codex
795 964 1089 1015 Farnesianus,
1119 962 1395 1005 recensionem
1427 961 1628 1003 exhibens

167 1032 372 1084 Triclinii,
392 1033 464 1089 qui
485 1033 711 1083 annotavit,
731 1033 928 1087 περισσὸν
946 1033 996 1085 ἧν
1017 1034 1186 1074 ἐνταῦθα
1204 1032 1249 1073 τὸ
1271 1030 1394 1073 οὐκέτ’
1411 1031 1473 1072 ἐπὶ
1496 1032 1625 1086 φιλίᾳ,

167 1099 258 1142 ἀλλ’
291 1101 355 1142 ἐπὶ
385 1101 495 1157 φόνῳ
526 1102 755 1154 διεκρίθητε,
788 1102 851 1142 καὶ
880 1102 1050 1155 ἄμετρον
1077 1102 1141 1142 καὶ
1171 1101 1436 1142 κοινόλεκτον·
1468 1099 1527 1140 διὸ
1564 1099 1628 1140 καὶ

168 1168 364 1221 ἐξεβλήθη
383 1168 473 1222 παρ’
495 1171 603 1221 ἐμοῦ.
665 1168 806 1211 Simile
830 1169 1011 1211 scholion
1037 1168 1171 1211 textui
1200 1167 1361 1209 illatum
1391 1166 1628 1209 notavimus

165 1236 220 1278 ad
241 1253 278 1277 v.
303 1249 355 1291 72
367 1251 398 1279 1.

223 1305 320 1347 886.
339 1304 455 1348 ‘HM.
476 1305 637 1347 addidit
660 1305 917 1347 Schuetzius.

223 1372 436 1428 Οἰδιπόδα]
459 1374 705 1427 κατεύγματα
724 1373 842 1416 addit
864 1375 973 1416 Rob.

225 1441 320 1495 887.
339 1440 495 1495 Ἐρινὺς
516 1442 583 1483 Μ.
614 1441 795 1495 Ἐριννὺς
813 1441 954 1498 vulgo.

226 1507 451 1564 888—-899
459 1529 501 1547 =
512 1522 680 1564 900—9
690 1523 754 1552 10.

226 1577 323 1618 888.
355 1575 477 1618 Prior
506 1576 757 1618 semichorus
784 1576 950 1632 incipit:
984 1577 1070 1618 Per
1088 1577 1266 1618 sinistra
1295 1576 1540 1632 icti...quod
1570 1576 1629 1619 ita

169 1643 337 1700 supplet
356 1644 486 1685 alter:
517 1645 590 1685 icti
609 1658 725 1694 sane,
747 1650 786 1686 et
804 1645 1120 1701 consanguinea
1140 1644 1286 1686 latera.
1331 1645 1484 1701 Itaque
1503 1644 1628 1686 etiam

169 1720 263 1767 post
290 1711 496 1764 εὐωνύμων
515 1711 826 1768 anticipandum
858 1720 919 1753 est
947 1711 1251 1765 πλευρωμάτων.
1311 1712 1460 1753 Letale
1489 1721 1629 1753 autem

170 1778 324 1820 vulnus
358 1778 603 1820 describitur
636 1778 701 1820 his
731 1778 894 1820 verbis:
931 1778 978 1820 δι’
1016 1779 1223 1831 εὐωνύμων
1256 1779 1500 1832 τετυμμένοι,
1531 1779 1632 1836 quia

169 1846 305 1903 ipsum
327 1862 411 1897 cor,
432 1846 553 1902 cujus
581 1846 624 1888 in
654 1846 819 1888 sinistro
847 1846 974 1888 latere
1003 1846 1119 1888 sedes
1147 1857 1223 1896 est,
1243 1846 1409 1903 gladius
1436 1856 1629 1904 penetra-

170 1914 289 1956 verit.
320 1914 551 1955 BLOMF.

228 1982 468 2038 889—893.
493 1983 646 2024 Versus
672 1981 713 2022 in
735 1981 836 2023 Ald.
859 1981 915 2023 sic
934 1981 1051 2024 divisi
1072 1982 1302 2035 τετυμμένοι
1322 1981 1402 2034 δῆθ’
1404 2006 1463 2014 —-
1487 1982 1494 2039 Ι
1522 1982 1562 2024 αἲ
1586 1983 1629 2025 αἲ

170 2052 418 2103 δαιμόνιοι-
442 2049 448 2107 Ι
475 2048 521 2091 δι’
552 2051 775 2092 ἀνταίαν-
800 2049 807 2107 Ι
834 2050 897 2091 καὶ
929 2051 1145 2103 σώμασι-
1169 2049 1176 2107 Ι
1203 2050 1464 2106 ἀναυδάτῳ-
1489 2049 1495 2107 Ι
1522 2052 1629 2105 διχό-

169 2124 287 2172 φρονι
305 2143 362 2150 -
386 2117 394 2175 Ι
420 2117 540 2170 διήκει
558 2142 615 2149 -
639 2117 647 2174 Ι
674 2117 805 2159 στένει
820 2141 875 2150 —-
900 2116 907 2174 Ι
931 2117 1043 2170 μένει
1061 2142 1120 2148 -
1144 2116 1150 2174 Ι
1177 2116 1225 2159 δι’
1264 2119 1319 2159 ὧν
1357 2120 1506 2160 αἷν.-
1530 2118 1539 2175 Ι
1566 2120 1629 2161 καὶ

169 2190 259 2228 6.-
288 2186 297 2241 Ι
620 2195 622 2197 ’

229 2255 324 2309 889.
355 2254 502 2296 Delevi
533 2253 772 2296 hemichorii
802 2268 1018 2310 personam
1042 2262 1139 2295 ante
1158 2253 1388 2306 τετυμμένοι
1408 2252 1489 2306 δῆθ’
1512 2262 1630 2295 nota-

172 2332 254 2364 tam
276 2323 541 2379 agnitamque
562 2323 615 2364 ab
636 2323 864 2371 scholiasta,
880 2318 931 2364 ‘rb
953 2322 1043 2374 ἑξῆς
1062 2326 1130 2364 τοῦ
1156 2323 1281 2376 λόγου
1308 2324 1442 2373 οὕτως,
1463 2321 1510 2364 δι’
1534 2322 1627 2363 εὐω-

172 2389 302 2443 νύμων
316 2390 544 2442 τετυμμένοι
560 2390 882 2445 ὁμοσπλάγχνων
900 2408 944 2432 τε
964 2389 1267 2443 πλευρωμάτων.
1298 2389 1528 2442 τετυμμένοι
1548 2388 1629 2440 δῆθ’

173 2459 218 2500 ἓν
236 2461 289 2514 τῷ
308 2458 417 2513 μέσῳ
438 2458 515 2511 ἔφη
534 2459 579 2499 τὸ
601 2459 736 2511 ἕτερον
755 2458 973 2511 ἡμιχόριον,
995 2462 1292 2511 συμμαρτυροῦν
1308 2458 1371 2498 καὶ
1392 2459 1632 2510 συμφωνοῦν

175 2526 323 2581 ἐκείνῳ,
355 2527 508 2577 ἀληθῶς
536 2524 778 2578 τετυμμένοι.
839 2524 922 2565 Sed
952 2539 1033 2565 non
1064 2524 1254 2566 convenit
1286 2524 1376 2565 haec
1410 2522 1632 2579 descriptio

173 2591 453 2647 antistrophe:
485 2606 610 2647 quam
636 2591 708 2648 qui
734 2591 1036 2647 excogitarunt,
1060 2593 1155 2642 δῆτα
1183 2590 1386 2647 particula
1416 2590 1517 2631 moti
1546 2605 1633 2631 esse

176 2660 381 2701 videntur.
432 2659 514 2701 Cui
533 2669 779 2716 argumento
798 2659 902 2700 nihil
923 2675 1010 2700 esse
1030 2659 1311 2708 tribuendum,
1335 2658 1430 2700 satis
1450 2658 1528 2700 erit
1549 2673 1634 2700 uno

174 2728 399 2769 ostendisse
421 2727 635 2784 Sophoclis
660 2727 852 2783 exemplo
872 2726 1029 2768 Electr.
1052 2727 1176 2782 1163.
1200 2725 1230 2767 ὦ
1255 2726 1634 2779 δεινοτάτας-πεμ-

177 2802 292 2852 φθεῖς
327 2795 549 2848 κελεύθους,
584 2794 758 2849 φίλταθ’,
793 2795 844 2838 ὥς
876 2793 914 2846 μ’
943 2794 1169 2844 ἀπώλεσας,
1196 2792 1203 2850 Ι
1230 2794 1444 2837 ἀπώλεσας
1474 2793 1567 2845 δῆτ’,
1603 2792 1635 2835 ὦ

179 2866 414 2918 κασίγνητον
435 2864 547 2918 κάρα.
608 2864 762 2905 Versus
783 2863 880 2917 889.
905 2862 1000 2917 890.
1022 2870 1064 2903 et
1084 2873 1183 2916 901.
1202 2873 1300 2914 902.
1319 2860 1362 2903 in
1387 2877 1519 2903 unum
1539 2877 1636 2904 con-

171 2931 391 2989 jungendi.
