1898 3178
288 168 341 206 12
819 162 1174 204 PRAEFATIO.

351 275 606 333 Aliquanto
650 273 824 331 majora
873 273 920 315 in
964 269 1232 330 AEsehylum
1277 269 1442 314 merita
1487 267 1716 312 Francisci

289 348 546 395 Robortelli
590 347 833 406 praedicare
878 346 1000 398 licet,
1040 346 1118 404 qui
1158 344 1372 390 Venetiis
1417 342 1581 387 eodem
1625 357 1716 401 quo

286 423 524 468 Turnebus
566 421 749 466 Parisiis
788 426 1008 479 tempore,
1049 420 1095 464 id
1141 426 1212 464 est
1257 434 1376 463 anno
1411 431 1532 475 1552.
1573 414 1718 462 ferme

287 498 440 542 medio
481 495 608 554 (nam
647 495 842 555 epistola
875 496 1155 540 dedicatoria
1191 494 1405 539 Calendis
1445 493 1716 544 Februariis,

287 572 492 631 praefatio
532 570 747 616 Calendis
788 570 973 615 Martiis
1013 570 1181 629 scripta
1225 571 1314 628 est)
1355 575 1533 628 septem
1573 568 1718 613 edidit

288 646 545 707 tragoedias,
586 646 804 704 separatis
843 645 1208 705 Agamemnonis
1253 651 1301 688 et
1340 643 1718 702 Choephororum

288 721 494 780 partibus
516 721 638 779 apud
661 719 840 764 Aldum
863 726 912 764 et
934 719 1200 765 Turnebum
1223 719 1436 764 confusis.
1471 718 1718 763 Codicibus

288 796 346 841 ad
374 796 683 840 emendandas
710 801 804 840 tres
837 795 1005 854 primas
1039 795 1216 841 fabulas
1248 794 1467 854 pluribus,
1495 794 1554 838 ad
1588 799 1719 852 quat-

289 876 395 915 tuor
433 875 688 929 postremas
721 885 813 914 uno
847 870 1136 930 potissimum
1167 885 1276 915 usus
1307 874 1379 914 est
1412 869 1470 914 ab
1505 868 1719 913 Mariano

290 944 473 990 Savello
509 943 699 988 Patavio
733 945 790 989 ad
825 959 873 989 se
907 945 1184 997 transmisso,
1213 958 1351 1003 quem
1384 943 1581 988 similem
1613 942 1719 987 Me-

289 1021 418 1067 diceo
441 1020 581 1064 fuisse
604 1025 808 1078 apparet,
831 1034 1030 1078 quocum
1052 1019 1238 1063 lacunas
1260 1033 1444 1078 quoque
1467 1018 1719 1077 Agamem-

289 1096 420 1139 nonis
442 1108 709 1139 communes
731 1094 908 1146 habuit,
932 1107 1043 1151 quas
1067 1094 1392 1138 animadvertit
1414 1093 1614 1151 quidem,
1639 1093 1718 1136 sed

289 1170 476 1229 explere
509 1185 601 1213 non
634 1169 787 1227 potuit
811 1168 1107 1213 Robortellus
1188 1167 1323 1213 Idem
1356 1168 1489 1227 plura
1522 1183 1581 1212 ex
1612 1182 1720 1212 con-

280 1244 473 1303 jecturis
514 1245 776 1288 emendavit
815 1245 982 1302 partim
1022 1244 1113 1288 suis
1151 1244 1320 1302 partim
1355 1242 1601 1287 Michaelis
1636 1241 1720 1286 So-

288 1317 480 1376 phiani⁰‚
518 1331 710 1375 quarum
750 1317 807 1360 de
845 1321 1063 1374 quattuor
1098 1318 1339 1375 postremis
1378 1317 1544 1361 fabulis
1577 1317 1717 1361 index

288 1391 542 1449 praefationi
577 1397 647 1435 est
680 1392 889 1443 insertus,
922 1391 1133 1436 indicatis
1167 1391 1271 1435 libri
1303 1391 1551 1436 Savelliani
1582 1393 1717 1436 vitiis.

287 1465 420 1510 Alias
443 1467 501 1510 ab
527 1466 764 1511 Ludovico
788 1466 1092 1511 Castelvetrio
1117 1466 1377 1511 Mutinensi
1409 1482 1456 1511 se
1490 1468 1719 1526 accepisse

288 1541 335 1583 in
361 1540 555 1599 epistola
577 1541 636 1584 ad
660 1541 896 1585 Savellum
919 1547 1085 1586 narrat.

354 1615 571 1660 Proxima
596 1615 787 1660 Henrici
823 1616 1047 1675 Stephani
1082 1617 1224 1660 editio
1257 1622 1340 1669 est,
1365 1622 1554 1661 curante
1579 1615 1718 1660 Petro

289 1688 499 1734 Victorio
523 1690 644 1734 facta
666 1706 705 1735 a.
728 1707 745 1734 1
751 1704 777 1748 5
780 1703 848 1748 57.
873 1706 1011 1749 quem
1034 1691 1180 1736 tribus
1202 1705 1336 1735 usum
1360 1706 1459 1736 esse
1486 1692 1719 1736 codicibus

288 1770 480 1818 constat,
518 1764 734 1810 Mediceo
773 1766 920 1825 plutei
959 1782 1027 1824 32,
1065 1783 1104 1824 9.
1142 1781 1280 1825 quem
1318 1767 1496 1826 magnis
1531 1768 1718 1825 quidem

287 1839 499 1884 laudibus
533 1841 730 1892 extollit,
767 1841 847 1885 sed
881 1841 1046 1885 leviter
1078 1846 1261 1885 tantum
1295 1842 1510 1900 inspexit,
1542 1847 1590 1886 et
1614 1842 1720 1886 Flo-

287 1915 467 1958 rentino
498 1931 567 1972 31,
593 1919 631 1958 8.
658 1915 1026 1973 Farnesianoque
1061 1915 1150 1973 (T.)
1185 1931 1244 1959 ex
1279 1917 1444 1974 quibus
1467 1916 1720 1976 Agamem-

287 1990 418 2033 nonis
458 1995 610 2047 partes
649 1990 696 2033 in
737 1991 962 2048 prioribus
1002 1990 1279 2035 editionibus
1319 1992 1506 2035 omissas
1546 1991 1718 2050 primus

289 2063 446 2107 edidit.
515 2063 624 2108 Tres
658 2070 815 2108 autem
843 2066 1012 2123 primas
1042 2065 1202 2125 tragici
1232 2065 1458 2109 editiones
1482 2065 1719 2111 Victorius

289 2154 381 2183 suae
421 2139 486 2182 ita
519 2139 729 2183 adhibuit
759 2146 812 2183 ut
847 2139 1021 2184 Aldina
1049 2141 1126 2184 vix
1161 2154 1353 2199 usquam
1385 2141 1591 2199 inspecta
1622 2141 1719 2199 ple-

290 2229 484 2272 rumque
506 2213 782 2266 Turnebum,
807 2216 950 2259 rarius
975 2215 1297 2259 Robortellum
1321 2222 1598 2274 sequeretur.
1658 2216 1715 2260 In

290 2289 380 2333 fine
405 2288 646 2333 voluminis
681 2288 874 2334 Henrici
910 2290 1132 2349 Stephani
1166 2290 1355 2349 adjectae
1390 2298 1495 2335 sunt
1529 2298 1719 2336 annota-

292 2366 440 2408 tiones
480 2365 730 2408 maximam
769 2370 948 2423 partem
988 2366 1169 2418 criticae,
1209 2367 1256 2410 in
1296 2367 1459 2425 quibus
1500 2383 1599 2426 quae
1640 2384 1720 2412 ex-

290 2440 448 2497 positae
483 2443 589 2482 sunt
625 2440 757 2482 variae
791 2439 1013 2485 lectiones
1046 2440 1252 2499 plurimae
1289 2441 1402 2501 sigla
1434 2461 1496 2501 γρ.
1532 2449 1717 2497 notatae,

291 2514 529 2572 plerasque
561 2529 719 2559 omnes
752 2515 952 2573 priorum
985 2516 1239 2560 editionum
1265 2517 1377 2560 vitia
1403 2517 1584 2571 referre,
1609 2534 1720 2577 pau-

293 2590 493 2634 cissimas
517 2605 575 2633 ex
599 2590 832 2634 codicibus
855 2590 1016 2634 ductas
1044 2605 1142 2634 esse
1172 2591 1467 2636 manifestum
1501 2598 1582 2645 est,
1607 2609 1720 2652 quos

294 2681 381 2710 non
407 2664 644 2724 pauciores
679 2664 942 2724 quindecim,
966 2665 1140 2725 partim
1184 2663 1389 2719 Venetiis,
1417 2668 1586 2726 partim
1611 2667 1721 2712 Flo-

347 2773 363 2792 c
393 2766 451 2802 De
490 2765 681 2815 Sophiano
712 2766 1131 2816 Constantinopolitano
1162 2780 1198 2804 v,
1229 2767 1386 2804 Martini
1418 2767 1543 2805 Crusii
1574 2767 1718 2804 Turco-

293 2830 436 2866 Graecia
455 2843 493 2879 p.
516 2841 603 2864 200.
