1898 3256
555 230 644 271 AD
676 229 1139 272 PROMETHEUM
1147 261 1155 269 .
1504 230 1589 272 107

186 340 284 393 817.
325 342 634 397 ἐπαναδίπλαζε]
678 341 951 384 Scribendum
998 341 1137 398 potius
1181 341 1459 391 ἐπανδίπλαζε.
1522 340 1589 382 Sic

128 408 355 452 ἀνδαίοντες
387 410 536 466 Agam.
571 422 669 466 305.
719 409 945 462 Ἀνδήματα
979 424 1056 465 pro
1091 409 1320 462 ἀναδήματα
1351 407 1589 450 restitutum

128 475 326 531 Euripidi
347 475 503 519 Electr.
526 478 624 520 882.

188 543 286 584 820.
306 546 579 600 πολυφθόρου]
604 546 835 599 πολυφόρου
852 544 1011 601 aliquot
1031 544 1153 586 codd.
1174 552 1217 584 et
1237 543 1348 585 Rob.

188 611 283 651 822.
305 612 560 667 αἰτούμεσθα]
583 612 858 654 Scribendum
879 611 1129 669 ᾐτούμεσθα;
1161 610 1326 667 respicit
1347 610 1455 652 enim
1476 609 1530 650 ad
1551 624 1594 651 v.

131 676 230 732 785.
290 679 387 719 Non
417 679 584 721 videtur
613 680 680 722 hic
709 679 824 722 locus
854 680 946 722 talis
974 695 1061 721 esse
1090 679 1133 720 in
1163 694 1251 735 quo
1284 693 1468 734 praesens
1498 687 1595 734 apte

129 745 228 800 poni
253 746 381 802 possit
401 762 477 803 pro
496 748 749 804 imperfecto.

191 814 290 868 829.
324 814 488 871 δάπεδα]
519 815 673 869 γάπεδα
702 823 811 857 recte
843 815 1079 857 emendavit
1112 816 1324 856 Porsonus
1353 813 1406 855 ad
1440 813 1594 870 Eurip.

133 882 207 923 Or.
227 893 326 936 324.
352 881 503 924 collato
534 883 679 939 Steph.
710 884 816 940 Byz.
844 898 875 925 s.
898 898 935 924 V.
968 885 1036 934 Γῆ,
1066 882 1231 936 λέγεται
1256 882 1321 923 καὶ
1348 881 1522 935 γήπεδον
1551 881 1597 921 τὸ

133 948 229 1001 πρὸς
248 953 329 992 τοῖς
348 951 466 994 οἴκοις
486 952 531 992 ἐν
549 952 668 992 πόλει
690 952 839 1003 κηπίον,
862 951 960 1003 ὅπερ
977 952 1015 991 οἲ
1037 950 1214 1003 τραγικοὶ
1240 951 1304 991 διὰ
1330 952 1401 991 τοῦ
1424 966 1453 1002 γα
1479 948 1595 1001 φασὶ,

134 1017 370 1068 διορίζοντες.
432 1018 593 1059 Eadem
632 1017 836 1060 vocabula
874 1027 1109 1074 permutata
1147 1033 1213 1073 ap.
1250 1017 1469 1074 Lycophr.
1498 1017 1598 1070 617.

137 1083 325 1126 Δάπεδον
344 1100 425 1126 non
448 1084 601 1127 dicitur
619 1085 695 1127 nisi
714 1095 903 1141 correpta
923 1085 1081 1141 syllaba
1102 1084 1249 1141 prima.

194 1152 294 1206 830.
324 1153 544 1194 αἰπύνωτον
575 1153 788 1209 Δωδώνην]
820 1153 1002 1194 Dodona
1029 1152 1072 1193 in
1105 1151 1273 1208 regione
1303 1151 1599 1202 Molossorum,

137 1217 211 1273 qui
239 1218 283 1259 in
309 1218 459 1261 vicinia
486 1220 728 1277 Illyriorum
758 1220 962 1262 montium
993 1219 1249 1261 habitabant.
1310 1220 1458 1276 Ipsum
1481 1219 1603 1259 Jovis

139 1285 342 1342 templum
363 1287 416 1328 ad
440 1288 612 1329 Tomari
633 1288 784 1330 montis
803 1288 963 1330 radices
982 1295 1244 1329 exstructum
1268 1296 1369 1329 erat.
1403 1286 1539 1328 Strab.
1564 1297 1601 1340 7.

139 1368 182 1409 p.
201 1354 300 1408 328.
325 1355 374 1395 C.
408 1356 542 1396 SCH.

199 1422 296 1475 831.
318 1423 456 1477 θῶκος]
486 1422 759 1464 Scribendum
782 1426 900 1466 θᾶκος
917 1437 1013 1464 cum
1037 1422 1262 1464 Brunckio.
1285 1422 1336 1463 V.
1357 1421 1411 1463 ad
1431 1437 1472 1464 v.
1493 1421 1591 1463 280.

200 1489 297 1543 832.
339 1491 381 1531 αἱ
417 1490 660 1544 προσήγοροι
699 1492 828 1546 δρύες]
872 1490 1095 1532 Fabulosae
1134 1505 1313 1546 quercus
1346 1489 1528 1531 fatidicae
1562 1489 1606 1530 in

142 1566 339 1611 querceto
371 1571 487 1598 sacro
524 1573 653 1613 prope
687 1558 909 1599 Dodonam
951 1557 1134 1598 multum
1169 1556 1277 1597 inter
1311 1565 1470 1597 veteres
1500 1555 1606 1596 cele-

142 1623 288 1666 bratae.
348 1625 508 1666 Earum
523 1626 610 1681 jam
635 1626 848 1666 Homerus
875 1626 1127 1667 mentionem
1146 1625 1256 1666 facit.
1321 1623 1547 1681 Sophocles
1566 1623 1608 1665 in

146 1691 396 1743 Trachiniis,
417 1692 598 1749 primum
623 1694 680 1746 (v,
703 1695 814 1747 175.)
845 1693 1058 1749 antiquam
1085 1693 1246 1749 fagum,
1268 1693 1380 1734 unde
1403 1692 1610 1734 columbae

145 1758 229 1800 illae
257 1759 434 1815 geminae
462 1760 630 1801 oracula
658 1760 929 1811 reddiderint,
950 1760 1101 1802 deinde
1121 1775 1221 1802 vero
1250 1760 1374 1802 etiam
1404 1760 1445 1800 in
1480 1758 1609 1801 Sello-

147 1841 240 1868 rum
262 1826 357 1868 luco
379 1829 436 1880 (v.
455 1829 597 1882 1174.)
620 1828 798 1869 vocalem
816 1842 1012 1884 quercum
1033 1829 1330 1881 πολύγλωσσον
1350 1830 1443 1880 δρῦν
1461 1841 1613 1868 memo-

148 1902 227 1936 rat.
253 1895 386 1935 SCH.

209 1962 306 2016 834.
326 1962 660 2016 προσηγορεύθης]
684 1962 984 2015 προσηγορήθης
1002 1961 1163 2018 aliquot
1182 1962 1306 2003 codd.

210 2029 262 2083 83
264 2038 306 2084 5.
334 2028 526 2081 μέλλουσ’
548 2028 696 2076 ἔσεσθ’,
720 2030 755 2070 εἰ
773 2033 896 2071 τῶνδε
921 2031 1158 2084 προσσαίνει
1182 2029 1232 2071 σε’
1252 2046 1289 2071 τι
1310 2030 1448 2070 Turn.
1469 2027 1617 2069 vitiosa

151 2111 247 2138 cum
294 2095 461 2137 elisione
505 2095 780 2152 diphthongi:
828 2112 926 2154 quae
971 2098 1176 2154 scriptura
1219 2096 1335 2138 nullo
1378 2111 1430 2137 ex
1476 2095 1617 2137 codice

151 2163 304 2205 diserte
322 2172 384 2204 est
403 2172 612 2211 annotata,
633 2172 877 2205 annotatum
899 2179 998 2206 vero
1027 2180 1080 2206 ex
1109 2166 1174 2206 M.
1204 2175 1246 2206 et
1275 2163 1513 2220 quindecim
1544 2161 1618 2203 mi-

153 2231 314 2273 nimum
344 2230 434 2272 aliis
464 2230 677 2272 codicibus
712 2232 878 2274 ἔσεσθαι
910 2236 1034 2275 τῶνδε
1066 2233 1134 2274 vel
1169 2233 1351 2280 ἔσεσθαι,
1391 2236 1470 2273 τῶν
1504 2232 1617 2272 δὲ-.

154 2298 271 2355 quod
299 2307 515 2354 utcunque
543 2298 751 2355 explicant
773 2299 1013 2342 scholiastae.
1074 2300 1248 2357 Duplici
1268 2299 1336 2341 hic
1355 2314 1499 2340 versus
1518 2297 1621 2340 vitio

156 2365 330 2417 laborat,
349 2366 481 2407 altero
510 2374 745 2417 structurae,
766 2366 844 2408 nisi
872 2367 967 2423 quis
997 2367 1132 2410 ἔσεσθ’
1156 2370 1191 2410 εἰ
1212 2367 1418 2424 scripsisse
1439 2365 1621 2422 AEschy-

157 2433 244 2474 lum
267 2432 344 2474 sibi
363 2433 625 2489 persuadeat,
645 2433 776 2475 altero
802 2435 1028 2476 sententiae.
1089 2436 1201 2476 Nam
1229 2435 1359 2476 verba
1383 2436 1508 2475 τῶνδε
1537 2432 1623 2473 sive

160 2501 196 2542 εἰ
214 2503 337 2541 τῶνδε
356 2501 592 2552 προσσαίνει
611 2500 662 2542 σέ
680 2518 718 2542 τι
737 2510 812 2543 aut
830 2501 953 2557 plane
972 2502 1174 2544 inutiliter
1192 2501 1336 2543 addita
1356 2509 1453 2541 sunt
1472 2509 1546 2540 aut
1564 2499 1625 2540 ita

159 2576 211 2608 ut
228 2566 354 2608 rideri
375 2567 428 2608 Io
447 2566 652 2618 videatur,
673 2583 759 2624 quo
779 2568 882 2610 nihil
902 2578 943 2610 et
963 2585 987 2610 a
1006 2585 1182 2626 persona
1207 2579 1249 2611 et
1275 2585 1300 2610 a
1327 2566 1495 2610 consilio
1516 2567 1624 2607 Pro-

161 2633 315 2675 methei
334 2633 506 2675 alienius
524 2634 696 2691 cogitari
722 2644 872 2691 potest.
933 2637 1086 2692 Itaque
1105 2651 1250 2678 vereor
1267 2651 1320 2677 ne
1339 2635 1540 2676 confictus
1557 2631 1626 2674 hic

162 2715 306 2742 versus
323 2701 377 2742 ab
395 2700 688 2757 interpolatore
707 2702 776 2753 sit,
798 2703 872 2758 qui
892 2718 1023 2759 quum
1044 2703 1170 2744 verba
1183 2701 1374 2755 μέλλουσ’
1390 2702 1558 2743 ἔσεσθαι
1572 2699 1627 2741 ad

164 2767 379 2810 sententiae
397 2767 676 2825 integritatem
697 2770 922 2811 necessaria
941 2785 1028 2811 esse
1040 2770 1283 2827 judicasset,
1306 2768 1465 2824 reliqua
1484 2781 1628 2809 versus

165 2844 381 2891 utcunque
413 2835 608 2892 explendi
647 2851 792 2877 caussa
829 2836 1037 2893 adjecerit.
1099 2838 1145 2878 Is
1183 2846 1322 2878 autem
1353 2836 1468 2877 haud
1500 2835 1628 2877 dubie

169 2902 316 2953 ἔσεσθ’,
357 2903 450 2944 el—
486 2902 715 2959 scripserat‚
755 2903 871 2959 quod
909 2913 1018 2945 recte
1057 2903 1237 2946 restituit
1277 2903 1506 2946 Turnebus
1545 2903 1629 2945 sive

864 2985 890 3011 Ο
913 2983 937 3014 2
