1898 3256
596 218 686 260 AD
716 215 1192 260 PROMETHEUM.
1570 212 1623 256 91

159 328 267 370 enim
289 328 481 385 putabat,
504 328 754 386 AEschylum
783 328 836 370 de
860 327 1100 385 trajectione
1130 326 1254 368 maris
1277 324 1406 366 Ionici
1439 323 1623 365 locutum

161 410 272 443 esse;
305 395 482 452 ideoque
500 405 740 452 sequentem
761 410 926 438 versum

334 494 403 549 ἀφ’
425 496 470 538 οὗ
490 495 527 550 γ’
549 495 858 551 ἂλιπλάγκτοισι
877 495 1040 552 χειμάζῃ
1060 495 1218 549 δρόμοις

162 596 219 638 sic
239 596 468 653 refingebat
485 613 494 637 :

334 695 397 749 ἐφ’
418 696 464 738 οὗ
484 695 520 750 γ’
543 697 849 751 ἆλιπλάγκτοισι
867 697 1031 754 χειμάζῃ
1052 698 1222 750 δρόμοις.

163 798 216 838 In
237 812 337 853 quo,
354 808 558 854 quantum
578 797 712 849 video,
728 798 874 840 Inachi
894 798 1020 840 filiam
1040 799 1082 839 in
1105 813 1217 839 mare
1232 796 1398 838 Ionium
1415 795 1626 846 desinisse,

160 864 340 921 indeque
359 880 435 922 per
456 865 641 907 Siculum
663 864 705 906 in
726 866 915 922 AEgeum
937 881 1048 908 mare
1068 875 1249 907 tranasse
1279 864 1472 921 putabat,
1494 863 1627 905 donec

162 932 327 974 tandem
357 931 511 974 alicubi
540 932 780 989 appelleret,
801 942 845 974 at
868 933 1050 975 terrestri
1079 933 1224 974 itinere
1254 932 1307 973 ad
1330 931 1627 973 Prometheum

160 999 406 1056 perveniret.
465 1001 525 1042 Et
552 1000 649 1041 huic
676 1000 846 1056 quidem
869 1000 1030 1042 Pauwii
1057 1009 1292 1042 commento
1313 999 1523 1040 Heathius
1541 998 1624 1040 cal-

160 1067 301 1109 culum
321 1067 498 1124 adjicere
526 1067 666 1109 nullus
694 1067 918 1118 dubitavit,
938 1068 1016 1109 nisi
1045 1068 1160 1124 quod
1191 1083 1322 1109 unum
1355 1076 1517 1108 tantum
1549 1066 1627 1108 sibi

161 1136 404 1192 scrupulum
433 1145 587 1177 restare
615 1135 782 1177 fatetur.
845 1137 948 1177 Post
978 1151 1090 1177 mare
1119 1135 1313 1177 nimirum
1342 1135 1510 1175 Ionium
1540 1143 1626 1176 tra-

155 1203 316 1259 jectum
356 1202 640 1259 longissimum
680 1203 818 1244 adhuc
859 1203 924 1244 Ioi
967 1213 1158 1244 terrestre
1199 1203 1278 1244 iter
1321 1203 1624 1244 conficiendum

160 1270 301 1319 fuisse,
332 1270 574 1326 priusquam
605 1270 659 1311 ad
693 1271 990 1312 Prometheum
1024 1271 1217 1312 accedere
1245 1271 1475 1327 potuisset;
1520 1281 1562 1312 et
1594 1271 1627 1311 si

161 1337 214 1379 de
233 1337 356 1379 maris
376 1338 614 1394 trajectione
634 1338 798 1380 locutus
825 1349 931 1380 esset
959 1348 1096 1395 poeta,
1118 1354 1212 1380 eum
1243 1353 1324 1380 non
1352 1338 1530 1392 χειμάζῃ,
1553 1338 1626 1380 sed

162 1404 401 1459 ἐχειμάσθης
439 1404 691 1462 scripturum
722 1405 862 1448 fuisse.
924 1407 1052 1447 Enim
1089 1421 1186 1448 vero
1222 1415 1309 1448 tota
1344 1406 1434 1448 haec
1464 1406 1623 1448 Pauwii

162 1472 266 1514 ratio
294 1472 413 1514 facile
442 1472 707 1514 convincitur.
770 1473 883 1517 Quid
914 1473 1022 1514 enim
1053 1488 1149 1515 eum
1180 1489 1346 1515 movere
1376 1483 1552 1529 poterat,
1578 1483 1627 1515 ut

160 1539 344 1581 crederet
361 1539 611 1596 AEschylum
632 1541 785 1581 erranti
802 1540 949 1596 virgini
973 1555 1054 1581 non
1075 1550 1266 1582 terrestre
1285 1540 1418 1582 solum
1439 1541 1531 1592 iter,
1553 1542 1625 1583 sed

161 1607 284 1648 etiam
304 1622 471 1648 cursum
500 1607 751 1648 maritimum
779 1607 983 1656 tribuisse,
1006 1618 1228 1664 antequam
1251 1608 1302 1650 ad
1328 1609 1624 1650 Prometheum

163 1673 353 1714 veniret?
386 1674 551 1715 Scilicet
580 1674 684 1714 nihil
713 1673 826 1715 aliud
857 1674 1064 1716 hominem
1086 1674 1246 1724 fefellit,
1269 1690 1394 1730 quam
1420 1675 1536 1730 quod
1556 1675 1626 1717 alii

162 1742 380 1798 scriptores
418 1756 529 1782 mare
566 1741 733 1782 Ionium
765 1742 819 1782 ab
856 1743 932 1783 Ius
967 1742 1205 1798 trajectione
1239 1743 1496 1784 nominatum
1534 1758 1625 1785 esse

163 1809 419 1864 perhibeant.
480 1810 544 1850 At
573 1809 681 1850 enim
714 1825 811 1850 vero
841 1809 942 1850 nihil
973 1810 1050 1851 hoc
1079 1810 1132 1851 ad
1155 1810 1407 1866 AEschylum
1430 1811 1622 1867 pertinet.

163 1875 402 1917 Ferendum
423 1875 531 1916 enim
553 1891 634 1917 non
651 1885 724 1926 est,
743 1876 925 1918 diversas
945 1876 1201 1918 diversorum
1224 1889 1438 1933 poetarum
1461 1878 1625 1920 fabulas

163 1943 271 1984 inter
300 1958 342 1983 se
372 1942 638 1993 commisceri,
669 1954 711 1985 et
740 1959 836 2000 quae
866 1944 1109 1986 recentiores
1138 1945 1245 1986 forte
1279 1946 1518 2001 adjecerint,
1552 1956 1626 1987 aut

163 2010 428 2060 mutaverint,
461 2026 510 2052 ea
543 2011 838 2053 vetustioribus
867 2027 1036 2067 quoque
1070 2012 1216 2067 poetis,
1252 2013 1443 2068 quamvis
1473 2013 1622 2063 invitis,

162 2077 347 2118 obtrudi.
408 2078 504 2119 Hoc
538 2077 665 2133 igitur
696 2078 876 2134 positum
913 2079 1031 2119 nobis
1061 2079 1112 2120 sit
1141 2079 1341 2135 inprimiS‚
1378 2083 1542 2136 trajecti
1572 2082 1625 2123 ab

166 2144 312 2186 Inachi
332 2145 417 2186 filia
437 2145 558 2186 maris
578 2145 627 2202 ἱῐιι
641 2145 705 2186 his
719 2146 910 2202 AEschyli
928 2146 1061 2187 verbis
1081 2146 1244 2187 nullum
1265 2147 1388 2204 plane
1405 2148 1623 2205 vestigium

162 2227 261 2253 esse.
322 2212 438 2253 Nihil
459 2212 573 2254 aliud
593 2212 699 2253 enim
722 2212 991 2268 significatur,
1014 2228 1139 2268 quam
1170 2229 1259 2255 eam
1290 2216 1471 2257 terrestri
1499 2231 1625 2258 cursu

164 2279 287 2320 maris
305 2295 418 2321 oram
438 2280 510 2331 τὴν
529 2281 750 2333 παρακτίαν
769 2279 926 2334 legisse,
949 2279 1098 2321 deinde
1129 2281 1183 2322 ad
1214 2281 1348 2322 sinum
1372 2282 1504 2324 Rheae
1534 2299 1626 2339 per-

165 2345 336 2387 venisse.
397 2348 548 2402 Neque
578 2362 676 2388 vero
695 2346 982 2403 Apollodorus
1010 2347 1063 2388 ab
1094 2348 1170 2390 hac
1199 2350 1383 2391 locorum
1415 2351 1640 2392 notatione

163 2415 348 2457 discedit.
410 2417 456 2457 Is
476 2415 582 2456 enim
607 2415 824 2465 Inachida,
846 2426 1066 2471 postquam
1088 2427 1214 2458 oestro
1242 2434 1267 2459 a
1286 2420 1317 2459 J
1322 2434 1458 2460 unone
1487 2420 1622 2462 conci-

165 2492 251 2524 tata
279 2492 400 2531 esset,
433 2484 487 2526 εἰς
517 2483 586 2524 τὸν
616 2482 679 2524 ἀπ’
712 2484 860 2534 ἐκείνης
887 2482 1032 2524 Ἰόνιον
1062 2485 1212 2526 κόλπον
1243 2486 1438 2537 κληθέντα
1467 2487 1625 2530 venisse

166 2559 317 2590 narrat.
377 2549 514 2590 Verba
544 2551 600 2593 εἰς
627 2549 698 2590 τὸν
720 2550 870 2591 κόλπον
894 2550 1006 2591 haud
1029 2549 1147 2592 aliter
1173 2553 1342 2609 accipio,
1363 2569 1410 2595 ac
1432 2555 1625 2612 AEschyli

165 2616 236 2657 illa
253 2616 350 2669 πρὸς
368 2616 495 2668 μέγαν
517 2617 665 2657 κόλπον
683 2615 809 2659 Ῥέας.
843 2617 1006 2658 Neutra
1024 2617 1171 2658 harum
1189 2619 1402 2675 phrasiurn
1421 2621 1624 2676 significat

168 2684 220 2725 Io
238 2683 280 2724 in
306 2683 443 2739 ipsum
473 2682 595 2723 maris
625 2682 758 2723 sinum
790 2699 833 2724 se
862 2683 1071 2739 dejecisse,
1094 2685 1165 2726 sed
1195 2695 1358 2728 tantum
1390 2703 1530 2733 Usum}
1559 2705 1621 2731 AD

165 2766 260 2792 eum
292 2759 539 2807 penetrasse.
601 2750 755 2790 Verum
783 2749 851 2790 hic
879 2765 987 2791 nova
1016 2751 1149 2792 oritur
1167 2753 1358 2807 quaestio,
1379 2755 1548 2810 quinam
1571 2757 1624 2798 sit

164 2817 233 2859 ille
263 2817 392 2866 sinus,
413 2831 537 2872 quem
561 2816 787 2872 AEschylus
809 2818 959 2858 κόλπον
976 2816 1089 2861 Ῥέας
1116 2819 1312 2861 nominet.
1374 2822 1624 2879 Francogal-

165 2884 230 2926 lus
250 2885 452 2940 interpres
476 2883 648 2939 intelligi
670 2883 799 2924 voluit
829 2885 960 2924 sinum
985 2885 1256 2927 Ambracium
1281 2889 1561 2936 (maintenant
1587 2893 1624 2933 le

161 2952 280 3008 golfi
298 2952 347 2993 de
368 2951 530 3003 Z'Arta)
553 2965 634 2992 non
657 2950 834 2991 multum
862 2966 887 2991 a
909 2951 1187 2994 Molossorum
1216 2955 1381 3011 regione
1406 2970 1623 3001 remotum.

854 3032 886 3058 M
913 3030 935 3059 2
