1898 3256
543 215 632 255 AD
664 209 1142 255 PROMETHEUM.
1523 204 1579 244 43

109 325 362 381 affigeretur,
395 325 657 368 Oceanitides
686 338 915 380 earumque
951 331 1071 379 pater
1101 321 1294 361 Oceanus
1320 317 1432 358 fama
1458 314 1579 357 audi-

111 404 243 444 erant,
276 409 457 450 quonam
499 392 703 450 supplicio
741 391 849 448 ignis
887 390 1108 432 divisorem
1143 385 1318 443 Jupiter
1355 383 1581 426 affecturus

112 470 230 503 esset.
293 463 445 518 Itaque
468 475 599 518 quum
625 461 714 517 jam
745 460 955 516 ingentem
987 457 1334 498 ferramentorum
1361 450 1581 493 stridorem

111 528 352 579 audiissent,
374 529 468 570 ilico
489 528 784 570 Prometheum
807 542 833 568 a
855 525 1042 568 Vulcano
1061 524 1149 580 jam
1171 521 1282 578 affigi
1302 519 1579 576 colligebant;

111 595 288 652 ideoque
327 596 606 638 misericordia
641 594 843 652 compulsi
884 592 1126 650 virginalem
1161 589 1366 647 pudorem
1402 586 1584 629 excutie-

114 664 229 716 bant,
251 674 510 721 patremque,
535 674 581 706 ut
602 663 679 705 sibi
700 663 895 705 miserum
918 670 1146 718 cognatum
1161 659 1291 700 visere
1311 657 1465 704 liceret,
1486 670 1584 696 exo-

114 733 274 774 rabant.
308 734 442 774 SCH.
1518 760 1543 794 ρ

178 813 273 855 134.
295 801 534 855 θεμερῶπιν]
559 802 803 853 θερμερῶπιν
819 797 920 839 Ald.
937 797 1048 838 Rob.
1066 806 1107 837 et
1128 811 1226 852 pars
1244 794 1447 837 codicum.
1472 796 1586 846 θεμε.

111 872 237 922 ρῶπιν
268 870 334 911 M.
367 867 624 926 Hesychius,
655 871 911 921 Θεμερῶπις;
947 866 1117 918 ἐρασμία
1137 865 1302 918 ἀγχόνη.
1344 863 1477 903 Recte
1508 862 1586 903 So·

112 936 281 994 pingius
299 936 505 992 corrigere
525 935 706 987 videtur,
729 938 962 988 Θεμερῶπις
981 933 1119 976 αῖδώςε
1154 931 1324 985 ἐρασμία
1344 931 1528 984 αἰσχύνη.

175 1018 194 1045 1
199 1017 224 1060 3
228 1013 269 1060 5.
292 1004 498 1059 ἀπέδιλος]
524 1005 629 1045 Sine
646 1003 868 1045 sandaliis.
890 1001 1130 1043 ἆσάνδαλος.
1158 1001 1222 1042 διὰ
1242 1001 1357 1040 τοῦτο
1382 1001 1505 1050 δῆλον
1525 998 1586 1038 ὅτι

114 1073 336 1116 σπουδαίως
364 1071 647 1126 παρεγένοντο,
669 1071 760 1112 οὐδὲ
785 1072 835 1111 τὰ
857 1071 983 1111 οἰκεῖα
1011 1068 1157 1110 πέδιλα
1176 1071 1403 1120 δυνηθεῖσαι
1422 1070 1583 1119 λαβεῖν.

117 1139 255 1181 Schol.
269 1141 324 1181 B.
344 1140 513 1181 Veteres
527 1139 573 1180 τὸ
593 1139 839 1190 ἇνυπόδητον
857 1135 1131 1178 festinationis
1149 1135 1348 1177 indicium
1364 1135 1501 1177 dicere
1517 1150 1582 1176 so-

114 1206 268 1248 lebant.
292 1207 476 1249 Tbeoer.
502 1219 570 1259 24.
590 1207 661 1261 36.
678 1205 848 1253 Ἀνστα,
869 1206 968 1257 μηδὲ
987 1203 1157 1246 ποδέσσι
1172 1208 1276 1247 τεοῖς
1304 1205 1380 1245 ὕπο
1401 1203 1586 1246 σάνδαλα

116 1277 233 1327 θείης.
262 1275 384 1317 Bion.
406 1289 445 1325 1,
461 1289 529 1319 21.
550 1277 576 1316 ἆ
592 1274 623 1316 δ’
645 1274 877 1328 Ἀφροδίτα,
900 1271 1119 1325 Λυσαμένα
1133 1274 1382 1324 πλοκαμῖδας
1396 1273 1474 1313 ἀνὰ
1494 1274 1583 1323 δρυ-

114 1344 197 1395 μὼς
217 1343 427 1396 ἀλάληται,
451 1342 680 1390 Πενθαλέα,
700 1341 903 1394 νήπεκτος,
926 1339 1172 1384 ἆσάνδαλος.
1233 1339 1343 1381 Haec
1365 1339 1588 1381 Stanleius.

116 1410 317 1468 Apollon.
338 1410 482 1453 Rhod.
508 1424 546 1460 1,
566 1423 637 1466 43.
659 1411 711 1452 de
732 1409 887 1451 Medea
909 1417 1174 1465 properante,
1199 1413 1411 1462 γυμνοῖσιν
1439 1410 1483 1450 δὲ
1511 1410 1586 1451 πό-

118 1482 257 1520 δεσσιν
284 1480 361 1520 ἀνὰ
391 1479 569 1522 στεινοὺς
599 1478 691 1520 θέεν
716 1480 863 1530 οἴμους.
910 1476 1098 1533 Polyaen.
1132 1477 1311 1534 Strateg.
1346 1478 1385 1519 8.
1418 1493 1458 1534 p.
1486 1478 1587 1533 498.

119 1548 331 1600 Σεμίραμις
368 1546 566 1599 λουομένη
606 1551 684 1588 τῶν
723 1545 903 1599 Σιράκων
941 1545 1087 1597 ἤκουσε
1126 1545 1199 1596 τὴν
1238 1546 1476 1587 ἀπόστασιν·
1524 1547 1589 1588 καὶ

117 1616 337 1668 παραυτίκα
371 1616 626 1668 ἀνυπόδητος,
657 1616 755 1668 μηδὲ
789 1617 858 1657 τὰς
889 1615 1028 1668 τρίχας
1060 1614 1382 1666 ἀναπλεξαμένη,
1419 1616 1483 1657 ἐπὶ
1517 1615 1588 1657 τὸν

117 1684 297 1735 πόλεμον
317 1685 472 1736 ἐξῆλθε.
505 1684 741 1726 BLOMF.

175 1752 259 1807 ὄχῳ
279 1752 481 1809 πτερωτῷ]
506 1752 574 1793 Sic
594 1751 710 1808 apud
730 1749 982 1806 AEschylum
1004 1749 1045 1790 in
1069 1749 1378 1792 Eumenidibus
1393 1751 1591 1793 Minerva

116 1834 241 1860 curru
276 1833 352 1875 per
383 1826 518 1860 aerem
553 1819 801 1870 advehitur3
837 1817 951 1874 apud
983 1817 1233 1874 Euripidem
1269 1818 1427 1860 Medea
1459 1834 1587 1861 curru

119 1885 372 1928 draconibus
391 1886 510 1928 alatis
523 1888 675 1944 juncto
695 1887 875 1943 aufugit.
909 1887 1043 1928 SCH.

184 1956 276 2010 136.
295 1957 392 2005 αἰαῖ,
415 1956 518 2009 αἰαῖ]
544 1956 589 1997 αἶ
607 1955 651 1997 αἶ
668 1955 712 1997 αῖ
730 1957 796 1997 Μ.
848 1956 1005 2005 Quater
1026 1953 1225 2010 scriptum
1247 1953 1289 1994 in
1313 1954 1363 2002 B,
1386 1954 1518 1996 sexies
1547 1955 1591 1997 in

121 2023 323 2064 Cantabr.
346 2023 496 2079 primo,
519 2023 582 2065 bis
611 2024 652 2064 in
682 2023 785 2065 Ald.
820 2023 931 2064 Rob.
964 2021 1215 2078 quibuscum
1246 2022 1510 2064 consentiunt
1531 2024 1589 2064 A.

119 2089 274 2146 aliique
294 2106 375 2132 non
393 2091 528 2147 pauci,
551 2091 702 2149 partim
720 2092 776 2142 αἶ,
799 2091 949 2148 partim
973 2090 1014 2131 αἲ
1033 2089 1288 2131 exhibentes.

183 2169 276 2212 137.
308 2160 550 2203 πολύτεκνος
585 2159 738 2214 dicitur
775 2159 953 2215 Tethys,
985 2158 1086 2214 quia
1125 2172 1324 2213 magnum
1365 2157 1591 2200 liberorum

121 2241 341 2268 numerum
364 2227 532 2268 Oceano
552 2238 785 2284 pepererat,
807 2243 914 2284 quos
944 2235 1127 2268 recenset
1150 2225 1368 2267 Hesiodus
1387 2226 1429 2267 in
1453 2226 1594 2268 Theo-

118 2294 244 2350 gonia
265 2309 301 2335 v,
326 2306 426 2350 337.
448 2310 564 2352 seqq.
597 2297 729 2337 SCH.

176 2363 269 2418 138.
292 2361 326 2403 θ’
350 2363 648 2416 εἱλισσομένου]
674 2365 705 2403 τ’
729 2363 995 2415 ἐλισσομένου
1016 2363 1120 2405 Ald.
1144 2364 1259 2405 Rob.

179 2444 274 2482 140.
306 2429 479 2472 ἐσίδεσθ’
507 2430 562 2472 ab
593 2431 798 2472 Turnebo
828 2431 1009 2487 positum
1042 2446 1271 2488 paucorum
1299 2431 1518 2482 librorum,
1546 2442 1594 2474 ut

120 2498 301 2547 videtur,
331 2498 600 2539 auctoritate:
634 2498 836 2554 plerique,
868 2499 976 2540 inter
1005 2515 1112 2555 quos
1140 2500 1223 2549 M.‚
1257 2499 1442 2540 ἐσίδεσθέ
1468 2499 1522 2551 μ’,
1546 2510 1594 2541 ut

122 2565 226 2607 Ald.
258 2565 370 2606 Rob.
401 2565 516 2621 quod
548 2565 852 2608 restituendum
885 2566 1051 2608 videtur
1081 2577 1243 2608 mutata
1271 2582 1465 2608 versuum
1488 2567 1594 2609 divi-

124 2633 251 2683 sione,
274 2633 423 2686 πατρὸς
445 2632 655 2684 Ὠκεανοῦ,
684 2633 690 2690 Ι
716 2633 895 2688 δέρχθητ’
920 2634 1104 2676 ἐσίδεσθέ
1123 2634 1160 2686 μ’
1188 2636 1256 2689 οἵῳ
1276 2638 1407 2691 δεσμῷ
1436 2635 1442 2691 Ι
1468 2653 1593 2688 προσ-

124 2701 325 2754 πορπατὸς
350 2701 356 2756 Ι
383 2703 572 2752 τῆσδε-.

187 2782 280 2821 141.
302 2768 624 2823 προσπορπατὸς]
649 2769 748 2821 πρὸς
766 2769 913 2821 πατρὸς
936 2770 1002 2810 Μ.

188 2850 282 2889 144.
308 2849 403 2890 145.
427 2836 577 2889 ὀμίχλα
591 2846 633 2877 et
655 2837 858 2891 εἰσιδούσᾳ
882 2851 932 2877 ex
964 2835 1108 2892 paucis
1127 2834 1249 2876 codd.
1274 2837 1476 2893 reposita:
1508 2839 1595 2896 ple-

126 2905 245 2960 rique
283 2905 431 2958 ὁμίχλη
470 2914 511 2944 et
553 2905 754 2954 εἰσιδούσῃ
794 2903 857 2944 vel
900 2905 1104 2945 εἶσιδοῦσι.
1152 2906 1355 2946 εἰσιδοῦσα
1395 2906 1458 2947 vel
1495 2910 1594 2950 εἰσί-

128 2976 253 3013 δουσα
276 2973 339 3013 Μ.

839 3051 908 3080 ΕΖ
