1898 3256
382 246 472 287 AD
504 245 757 287 SEPTEM
790 244 1118 286 ADVERSUS
1151 218 1421 284 THEBAS.
1548 243 1629 284 211

172 356 315 399 fabula
352 357 406 399 de
439 358 664 409 Charonte,
700 372 827 414 quam
859 358 1072 398 Homerus
1105 367 1147 397 et
1179 355 1394 397 Hesiodus
1426 355 1634 411 ignorant,

173 424 270 466 satis
290 435 388 467 nota
405 425 500 467 fuit.
561 426 630 468 Cf.
652 426 805 482 Eurip.
827 425 985 467 Alcest.
1007 440 1046 465 v,
1067 434 1150 479 437
1175 439 1266 479 sqq.
1286 433 1328 465 et
1347 422 1445 465 alibi
1465 423 1631 480 passim.

173 491 297 541 Quod
326 501 464 534 autem
495 508 576 535 non
605 492 773 546 σκάφος,
801 492 872 534 sed
903 492 1069 545 θεωρίδα
1097 490 1217 541 dixit,
1238 491 1282 532 id
1313 506 1481 532 suavem
1507 490 1636 532 habet

172 560 355 611 θεωρίδος
372 559 482 602 illius
502 560 637 602 Deliae
658 559 1012 617 significationem.
1062 559 1206 610 Quum
1225 557 1333 599 enim
1357 558 1501 599 Minos
1520 557 1634 599 insti-

171 625 332 676 tuisset,
353 637 401 668 ut
421 627 712 680 Athenienses,
736 643 843 684 quos
871 626 1091 677 devicerat,
1119 641 1228 667 anno
1259 640 1514 681 unoquoque
1544 641 1634 682 sep-

171 702 288 735 tenos
310 693 460 736 liberos
487 711 583 737 suos
605 695 850 737 Minotauro
878 694 931 736 ad
962 693 1218 751 epulandum
1248 693 1474 743 mitterent,
1492 702 1637 749 postea

172 761 363 803 Theseus
393 762 568 819 patriam
599 763 653 804 ab
682 763 834 804 infelici
864 762 1022 804 tributo
1051 761 1317 812 liberaturus,
1340 762 1508 802 Cretam
1538 775 1635 802 cum

171 828 380 871 sodalibus
406 830 632 887 navigavit,
655 830 983 886 Minotauroque
1013 829 1147 871 occiso
1177 845 1219 871 se
1248 838 1291 870 et
1320 844 1416 870 suos
1445 828 1633 870 servavit.

172 897 308 953 Cujus
326 897 599 954 expeditionis
616 897 852 939 memoriam
869 898 949 939 hoc
965 897 1048 939 ritu
1065 897 1326 939 celebrarunt
1341 896 1633 947 Athenienses,

170 975 219 1007 ut
237 981 364 1022 quam
384 965 442 1007 illi
462 965 666 1023 Apollini,
689 966 720 1007 si
748 976 1026 1015 servarentur,
1047 974 1263 1012 voverant,
1286 979 1432 1005 navem
1464 978 1635 1015 sacram,

171 1048 320 1091 magna
354 1049 449 1076 cum
482 1034 723 1076 caeremonia
758 1034 980 1091 quotannis
1015 1033 1170 1075 Delum
1203 1032 1428 1073 mitterent.
1489 1032 1636 1088 Hujus

168 1111 308 1143 autem
339 1102 445 1143 ritus
478 1101 793 1144 celebrationem
825 1103 1005 1154 θεωρίαν,
1037 1115 1184 1142 navem
1220 1100 1350 1157 ipsam
1382 1100 1559 1153 θεωρίδα,
1591 1107 1634 1141 et

169 1168 242 1225 qui
283 1184 331 1211 ea
370 1169 527 1211 Delum
566 1169 830 1219 veherentur,
870 1168 1038 1222 θεωροὺς
1076 1167 1307 1224 appellatos
1345 1167 1486 1218 fuisse,
1525 1167 1633 1208 inter

169 1251 312 1278 omnes
345 1246 517 1279 constat.
578 1236 783 1288 Quoniam
820 1251 918 1277 vero
950 1236 1087 1289 θεωρὶς
1125 1235 1196 1276 illa
1234 1234 1352 1291 quasi
1392 1234 1631 1275 memoriam

172 1306 491 1360 repraesentabat
524 1304 635 1345 illius
673 1303 842 1361 navigii,
878 1319 964 1360 quo
1001 1312 1097 1344 ante
1134 1302 1346 1343 Theseum
1382 1301 1423 1342 in
1462 1303 1631 1343 Cretam

169 1370 497 1427 deportabantur
526 1371 570 1422 ii,
601 1372 691 1427 qui,
724 1382 771 1413 ut
801 1371 1047 1413 Minotauro
1076 1371 1403 1422 immolarentur,
1424 1379 1532 1412 sorte
1559 1370 1631 1412 de-

170 1438 264 1480 lecti
294 1450 437 1491 erant;
468 1439 564 1481 hinc
594 1440 751 1481 factum
781 1448 856 1490 est,
888 1446 936 1480 ut
963 1439 1207 1495 AEschylus,
1231 1439 1454 1481 Charontis
1482 1455 1631 1481 navem

170 1508 336 1559 θεωρίδα
355 1506 583 1562 appellans,
604 1506 753 1563 partim
773 1506 826 1547 ad
848 1506 1025 1562 navigia,
1047 1522 1143 1562 quae
1162 1506 1258 1548 olim
1281 1506 1395 1548 triste
1415 1506 1591 1563 vectigal
1608 1522 1633 1548 a

172 1573 319 1615 Minoe
345 1573 585 1630 impositum
607 1575 773 1615 Cretam
804 1573 1059 1626 deferebant,
1080 1573 1231 1630 partim
1259 1573 1313 1615 ad
1337 1589 1399 1625 ea,
1421 1590 1517 1630 quae
1537 1584 1633 1631 post

172 1641 386 1683 Theseum
406 1640 594 1697 Apollini
614 1641 769 1682 Delum
791 1641 1077 1692 mittebantur,
1093 1642 1331 1698 respexerit.
1364 1643 1504 1692 Quum
1522 1641 1631 1683 enim

170 1708 277 1750 hanc
297 1709 462 1761 θεωρίδα
481 1707 666 1750 nominat
685 1709 875 1756 ἄστολον,
890 1718 931 1750 et
950 1709 1237 1762 μελάγκροκον,
1254 1721 1432 1764 utroque
1446 1708 1632 1765 epitheto

171 1775 357 1832 tangitur
375 1790 514 1816 annua
532 1774 601 1816 illa
620 1774 843 1816 liberorum
866 1775 1111 1817 Minotauro
1132 1776 1375 1818 devotorum
1397 1776 1438 1817 in
1462 1778 1630 1819 Cretam

171 1843 370 1884 devectio.
410 1843 586 1884 ἄστολον
615 1842 723 1884 enim
754 1844 990 1898 ivgfimstum
1022 1853 1163 1891 notat;
1206 1844 1311 1885 sicut
1340 1845 1448 1885 enim
1479 1845 1631 1898 ἄγαμος

171 1913 297 1963 γάμος
314 1910 521 1964 ι’ῃῇιιιςιεε
539 1911 717 1966 nuptioe,
739 1910 938 1961 ἀπόλεμος
956 1912 1130 1963 πόλεμος
1155 1912 1308 1967 ιἠίὲῖὶω
1328 1912 1490 1963 bellum,
1512 1913 1631 1956 ἄναες

173 1976 266 2019 νάες
285 1978 488 2031 i-nfaustae
516 1991 657 2025 naves,
681 1977 738 2018 sic
766 1977 888 2018 etiam
920 1979 1094 2022 ἄστολος
1123 1981 1271 2032 θεωρὶς,
1303 1980 1532 2036 ‘navigium
1560 1982 1627 2021 in-

153 2044 372 2098 fiustum,
395 2044 680 2085 calamitosum
698 2061 711 2091 ,·
743 2044 866 2100 quale
892 2045 1087 2087 nimirum
1115 2057 1156 2088 et
1176 2047 1283 2088 illud
1302 2059 1406 2099 erat,
1427 2063 1513 2103 quo
1532 2047 1631 2089 olim

171 2111 491 2153 Atheniensium
521 2111 654 2162 liberi,
678 2113 887 2169 vectigalis
916 2114 1058 2165 instar,
1085 2114 1127 2155 in
1154 2116 1320 2156 Cretam
1352 2115 1628 2171 deportaban-

172 2188 253 2220 tur.
286 2178 576 2232 Μελάγκροκον
597 2194 693 2220 vero
715 2186 807 2221 atro
835 2181 922 2222 velo
951 2182 1164 2238 insignem
1193 2182 1385 2239 cymbam
1409 2182 1632 2224 Charontis

170 2244 366 2302 appellat,
382 2246 602 2302 respiciens
620 2246 674 2287 ad
694 2255 782 2288 atra
801 2246 871 2288 illa
888 2247 990 2298 vela,
1006 2248 1161 2304 quibus
1180 2250 1254 2305 qui
1268 2249 1321 2290 ad
1339 2249 1630 2292 Minotaurum

171 2312 442 2354 mittebantur
461 2312 653 2368 navigare
674 2313 859 2355 solebant
882 2315 1065 2371 (Hygin.
1086 2315 1171 2356 fab.
1187 2316 1294 2369 41.).
1329 2317 1470 2366 Quum
1491 2328 1631 2358 autem

171 2379 214 2420 in
234 2379 487 2436 designanda
508 2380 730 2421 Charontis
750 2381 899 2434 cymba
919 2383 1102 2434 θεωρίδος
1123 2383 1287 2423 nomine
1305 2382 1436 2424 utitur
1453 2384 1632 2441 AEschy-

171 2445 252 2495 lus,
279 2461 453 2501 eamque
483 2446 524 2486 in
556 2454 707 2486 terram
732 2446 962 2489 Ἀπόλλωνι
987 2449 1132 2500 ἀστιβῆ
1163 2449 1255 2489 vehi
1286 2449 1398 2496 dicit,
1430 2449 1630 2490 rationem

174 2512 318 2568 utique
355 2511 501 2553 habuit
540 2512 716 2553 solennis
752 2512 863 2554 illius
902 2513 943 2554 in
980 2515 1136 2555 Delum
1176 2516 1406 2571 legationis,
1442 2516 1631 2572 Apollini

173 2593 310 2620 sacrae.
371 2581 505 2620 Orcus
525 2593 623 2619 vero
651 2578 708 2619 sic
736 2578 996 2629 describitur,
1025 2591 1072 2621 ut
1102 2581 1154 2622 sit
1182 2582 1329 2635 χέρσος
1349 2583 1536 2638 Apollini
1565 2585 1631 2624 in-

173 2659 372 2693 accessus,
403 2644 502 2701 quia
531 2643 625 2698 ᾅδης
652 2654 694 2686 et
723 2645 911 2699 τάρταρος
939 2646 1071 2688 invisa
1100 2647 1179 2689 diis
1209 2648 1367 2703 superis
1400 2648 1489 2690 loca
1517 2660 1628 2690 sunt.

175 2711 243 2753 Cf.
279 2711 489 2752 Prometh.
522 2726 561 2751 v.
594 2713 700 2766 1036
733 2727 796 2767 sq.
833 2713 1008 2763 ἆνάλιος,
1045 2713 1144 2768 quia
1176 2713 1259 2755 sole
1285 2729 1381 2755 eum
1413 2730 1627 2771 nunquam

173 2777 401 2819 collustrari
431 2777 669 2833 fingebant;
712 2778 783 2829 sic,
809 2787 857 2819 ut
890 2794 912 2819 e
943 2779 1086 2820 multis
1119 2795 1249 2821 unum
1282 2781 1410 2837 hujus
1438 2782 1628 2838 imaginis

173 2844 410 2901 exemplum
439 2844 605 2895 addam,
635 2855 894 2886 mortuorum
925 2845 1040 2886 sedes
1069 2846 1220 2888 dicitur
1250 2847 1414 2891 ἆνάλιος
1445 2849 1550 2893 οἶκος
1584 2851 1630 2892 ἐν

173 2911 288 2953 Ἀΐδα
316 2912 472 2963 δόμοισι
501 2912 653 2967 Eurip.
679 2912 836 2953 Alcest.
865 2927 904 2953 ν.
926 2925 1025 2966 439.
1056 2913 1109 2954 cf.
1141 2924 1182 2955 et
1212 2915 1386 2956 Homer.
1421 2915 1542 2957 Iliad.
1575 2920 1627 2959 Θ.

175 2979 275 3031 481.
336 2980 530 3021 Ceterum
561 2994 612 3020 ex
643 2979 683 3019 h.
705 2980 731 3019 l.
756 2978 1002 3034 AEschylum
1034 2980 1158 3021 solem
1188 2996 1283 3022 cum
1311 2982 1510 3037 Apolline
1539 2998 1631 3040 per·
1695 2979 1698 2983 ’

847 3060 874 3086 D
896 3045 922 3087 d
943 3059 965 3088 2
