1898 3256
555 209 646 249 AD
677 207 1158 250 PROMETHEUM.
1539 206 1598 250 37

128 319 368 362 Ellendtius
396 320 438 362 in
470 320 628 362 Lexico
659 320 890 377 Sophocleo
915 319 994 360 vol.
1022 332 1056 359 1.
1089 334 1133 375 p.
1156 330 1223 360 21.
1256 329 1323 359 22.
1352 317 1510 358 frustra
1529 316 1597 358 ille

128 387 356 430 defendens
376 389 469 438 αἰεὶ,
490 387 605 445 quod
625 387 780 429 librarii
804 389 994 428 Homero
1014 385 1177 428 adsueti
1197 384 1444 427 intulerunt.

189 472 237 508 γε
257 455 388 497 codex
409 455 586 498 Vindob.
609 454 769 497 tertius.
808 454 1052 511 Legebatur
1072 471 1131 504 τε,
1153 453 1269 510 quod
1290 452 1332 493 in
1353 452 1476 494 codd.
1498 466 1599 493 non-

131 522 256 564 nullis
275 541 325 572 τι,
346 523 386 564 in
408 523 497 565 aliis
516 541 578 565 τοι
597 523 812 579 scriptum.

187 604 256 645 49.
279 591 417 633 ἅπαντ’
440 591 618 646 ἐπράχθη
638 592 747 643 πλὴν
776 595 905 633 θεοῖσι
932 591 1148 644 κοιρανεῖν]
1176 591 1333 631 Omnia
1343 590 1492 643 fhoca,
1513 590 1542 630 τ’.
1564 603 1598 630 e.

123 660 347 715 permissa,
379 661 497 701 nobi-8
525 667 626 702 sunt
655 666 941 716 proeterquam
973 659 1058 700 diis
1088 659 1312 714 imperare.
1375 656 1601 713 Sophocles

130 727 280 783 fragm.
301 741 367 782 94.
391 727 524 784 (apud
558 727 675 769 Stob.
698 727 843 769 Floril.
871 729 964 778 106,
992 727 1076 779 11.)
1100 727 1146 767 οὐ
1165 729 1267 780 χρῆν
1295 724 1376 767 τάδ’
1399 727 1499 767 οὕτω
1520 726 1602 766 δαί-

131 812 255 846 μονας
282 799 432 847 θνητῶν
452 796 541 849 πέρι
569 795 779 849 πράσσειν.
833 795 969 836 Verba
989 793 1150 844 similia,
1170 793 1373 835 sententia
1394 792 1603 834 dissimilis

131 862 246 919 apud
277 864 527 921 AEschylum
561 865 743 905 Eumen.
775 874 869 918 125.
897 864 938 904 τί
963 879 1029 903 σοι
1059 861 1280 915 πέπρακται
1309 865 1470 915 πρᾶγμα
1495 861 1603 912 πλὴν

133 932 290 985 τεύχειν
309 931 430 980 κακά;

189 1012 261 1054 51.
293 999 447 1053 ἔγνωκα
466 1003 602 1042 τοῖσδε
630 1000 768 1042 κούδὲν
789 1000 990 1040 ἀντειπεῖν
1011 997 1111 1054 ἔχω]
1142 996 1340 1039 Notanda
1360 996 1604 1052 exquisitior

135 1066 356 1108 verborum
377 1067 592 1108 collocatio
610 1082 688 1124 pro
710 1067 865 1120 ἔγνωκα
896 1067 960 1108 καὶ
985 1064 1108 1107 τοῖσδ’
1131 1065 1248 1106 οὐδὲν
1276 1066 1478 1106 ἀντειπεῖν
1508 1065 1602 1118 ἔχω,

135 1134 189 1175 de
207 1150 292 1191 qua
311 1134 485 1191 exposui
516 1135 570 1176 ad
592 1133 811 1190 Aristoph.
835 1133 1024 1175 Acharn.
1047 1133 1143 1185 884.
1166 1140 1208 1174 et
1228 1132 1281 1174 ad
1308 1132 1460 1189 Eurip.
1483 1132 1603 1174 Med.

140 1203 234 1244 182.

192 1279 260 1325 52.
283 1271 410 1322 δεσμὰ
430 1270 546 1326 τῷδε]
571 1272 670 1325 τῷδε
690 1271 818 1322 δεσμὰ
839 1270 903 1310 Μ.
921 1268 1074 1325 aliique
1094 1267 1295 1310 nonnulli.

193 1350 263 1393 53.
287 1336 515 1392 ἐλινύοντα]
540 1337 719 1379 Codices
739 1336 927 1393 plerique
949 1338 1195 1378 ἐλιννύοντα.

193 1418 264 1460 54.
297 1405 451 1462 ψάλια]
486 1406 723 1446 Paucorum
760 1404 951 1446 codicum
984 1404 1085 1446 vitia
1119 1414 1217 1445 sunt
1251 1403 1427 1458 ψάλλια,
1463 1404 1606 1459 ψέλια,

137 1474 308 1527 ψέλλια.

195 1542 268 1595 56.
290 1541 486 1595 ῥαιστῆρι]
510 1539 723 1594 Ῥαιστῆρα
743 1540 934 1594 κρατερὸν
955 1539 1143 1581 Vulcano
1164 1539 1311 1581 tribuit
1334 1540 1463 1582 Hom.
1489 1540 1541 1582 11.
1559 1545 1607 1589 Σ,

139 1619 239 1663 477.
272 1609 404 1650 SCH.

197 1676 370 1732 πέτραις]
390 1677 535 1730 πέτρας
553 1676 640 1718 duo
658 1676 780 1718 codd.

197 1754 268 1799 59.
298 1745 443 1797 πόρους
471 1744 709 1786 restitutum
735 1759 787 1784 ex
818 1743 1024 1800 Dionysio
1046 1742 1146 1785 Hal.
1173 1745 1230 1784 A.
1253 1744 1309 1784 R.
1333 1754 1372 1797 7,
1395 1745 1466 1799 36.
1490 1744 1609 1784 Mar-

141 1811 288 1853 cellino
317 1811 359 1852 in
389 1811 476 1852 vita
506 1811 707 1868 Thucyd.
743 1826 787 1867 p.
808 1810 893 1860 viii,
917 1811 955 1851 8.
986 1810 1052 1851 ed.
1075 1810 1209 1852 Bekk.
1244 1816 1304 1867 (p.
1329 1824 1369 1862 2,
1392 1825 1434 1866 9.
1468 1811 1607 1865 Duk.)

142 1879 360 1921 scholiasta
379 1879 676 1935 Aristophanis
696 1879 748 1919 ad
771 1877 920 1934 Equit.
946 1879 1043 1932 756.
1091 1878 1210 1919 Libri
1231 1879 1357 1932 πόρον
1380 1879 1474 1932 (nisi
1495 1879 1611 1935 quod

143 1947 230 1988 duo
258 1947 380 1988 codd.
411 1948 571 2000 τρόπον,
604 1962 714 1987 unus
744 1946 936 1998 τρόπων),
969 1946 1249 1987 consentiente
1286 1946 1461 2002 Synesio
1491 1946 1610 2003 epist.

147 2026 243 2068 147.
264 2030 309 2071 p.
329 2015 408 2056 288
431 2016 488 2056 A.

201 2084 270 2123 60.
302 2082 467 2139 ἄραρεν]
498 2080 722 2134 “Ηρμόσθη,
753 2079 948 2133 ἢπαγίως
980 2079 1136 2121 δέδεται
1162 2081 1344 2137 explicat
1369 2082 1612 2138 Hesychius

144 2149 257 2191 haud
285 2149 415 2191 dubie
441 2164 492 2190 ex
525 2149 604 2190 hoc
631 2148 722 2204 ipso
753 2149 854 2189 loco.
906 2149 1051 2201 ἄρηρεν
1075 2147 1274 2204 scriptum
1302 2165 1370 2205 ap.
1401 2151 1608 2191 Joannem

145 2218 265 2260 Diae.
285 2217 327 2258 in
349 2217 525 2258 Hesiodi
555 2218 671 2258 Scut.
695 2227 792 2271 271.
824 2215 897 2272 qui
919 2215 1111 2256 Atticum
1141 2231 1227 2257 esse
1257 2217 1448 2273 perhibet
1470 2219 1610 2272 ἄρηρα,

145 2285 259 2342 quod
282 2285 437 2327 Ionicae
457 2283 620 2325 dialecti
641 2299 728 2324 esse
749 2293 921 2324 constat.

203 2356 273 2396 62.
295 2354 394 2396 Διὸς
414 2352 674 2407 νωθέστερος]
700 2351 943 2404 νωθέστερος
966 2353 1064 2394 Διός
1085 2351 1194 2393 Rob.

203 2424 271 2463 66.
300 2421 403 2475 αἰαῖ]
439 2420 707 2462 Scribebatur
728 2419 767 2460 αἲ
795 2421 847 2461 αἵ.
895 2420 1064 2460 Veteres
1094 2422 1181 2461 αἰαῖ
1204 2421 1458 2477 conjunctim
1489 2422 1614 2477 scrip-

146 2490 242 2530 sisse
261 2504 315 2530 ex
337 2488 570 2529 Herodiani
601 2487 707 2529 libro
726 2487 816 2540 περὶ
834 2486 1027 2540 μονήρους
1052 2488 1198 2538 λέξεως
1226 2504 1267 2545 p.
1288 2501 1358 2542 27,
1381 2503 1447 2544 13.
1470 2489 1611 2545 cogui-

147 2567 249 2598 tum.

205 2628 287 2665 σῶν
307 2625 404 2677 ὕπερ
424 2623 568 2678 στένω]
596 2623 864 2664 Scribebatur
885 2627 968 2663 σῶν
987 2623 1228 2675 ὑπερστένω.

206 2705 274 2747 73.
305 2693 372 2746 γε]
407 2691 538 2732 Pauci
558 2691 678 2732 codd.
706 2708 754 2732 σε
784 2690 850 2731 vel
884 2692 926 2731 δὲ
956 2689 1022 2730 vel
1057 2690 1223 2731 duabus
1250 2689 1495 2732 lectionibus
1520 2708 1616 2733 con-

141 2758 299 2816 junctis
328 2758 378 2812 γέ
405 2775 466 2799 σε.
529 2758 596 2799 Sic
625 2758 741 2814 apud
773 2757 925 2813 Eurip.
949 2756 1098 2797 Phoen.
1122 2758 1220 2798 610.
1243 2757 1306 2798 καὶ
1327 2763 1548 2800 κατακτενῶ
1568 2778 1616 2813 ’γε

148 2829 244 2879 πρός
263 2825 350 2866 duo
369 2824 494 2867 codd.
516 2842 576 2876 σε,
599 2825 672 2866 ubi
692 2824 776 2865 vid.
801 2826 974 2865 Porson.

208 2907 275 2944 74.
310 2892 424 2939 κάτω,
458 2891 582 2943 σκέλη
617 2893 678 2947 δὲ]
719 2891 820 2933 κάτω
852 2893 895 2932 δὲ
926 2890 1050 2941 σκέλη
1079 2890 1191 2931 Rob.
1244 2892 1533 2943 Prometheus,
1570 2905 1617 2935 ut

149 2960 328 3010 videtur,
349 2959 390 3000 in
413 2959 529 3014 rupis
549 2959 694 3001 fissura
716 2958 938 3000 crucifixus
966 2969 1042 3008 est,
1063 2958 1251 3000 distentis
1282 2959 1474 3002 manibus
1503 2962 1618 3017 pedi-
