1898 3256
336 216 390 254 40
803 218 1297 259 ANNOTATIONES

334 338 400 371 μιν
421 323 664 374 ἐξαπάτησεν
684 323 747 366 ἐῢς
766 325 856 367 πάϊς
875 309 1079 372 Ἰαπετοῖο,
1102 326 1269 378 Κλέψας
1290 328 1497 377 ἀκαμάτοιο
1518 327 1636 378 πυρὸς
1658 327 1768 378 τηλέ-

335 405 483 429 σκοπον
512 390 635 441 αὐγὴν
663 389 733 430 Ἐν
760 394 876 446 κοιλῷ
915 391 1084 443 νάρθηκι.
1135 391 1294 443 Νάρθηξ
1309 393 1464 446 firula
1496 402 1568 442 est,
1601 393 1653 433 de
1686 409 1769 448 qua

335 454 556 504 Martialis,
580 456 708 496 Clara
729 457 967 497 Prometheo
987 471 1154 497 munere
1173 458 1294 512 ligna
1314 471 1470 497 sumus.
1522 458 1693 498 Proclus
1716 459 1767 499 ad

337 520 510 560 Hesiod.
532 522 612 575 Op.
638 535 674 570 Ι,
695 535 766 575 52,
795 523 879 563 ἔστι
907 524 980 573 μὲν
1000 523 1117 574 πυρὸς
1146 524 1266 564 ὅντως
1295 523 1531 575 φυλακτικὸς
1561 526 1581 563 ὁ
1613 524 1766 577 νάρθηξ,

334 586 451 636 ἠπίαν
472 587 575 639 ἔχων
593 589 842 638 μαλακότητα
863 591 968 635 εἵσω,
987 590 1049 629 καὶ
1069 589 1228 641 τρέφειν
1248 589 1291 628 τὸ
1312 593 1400 641 πῦρ,
1420 590 1481 630 καὶ
1501 590 1552 641 μὴ
1572 592 1770 641 ἀποσβεν-

336 653 446 692 νύναι
465 653 687 703 δυνάμενος.
719 653 814 694 Vid.
839 655 1006 694 Kuster.
1027 654 1077 693 ad
1103 654 1218 695 Suid.
1243 669 1280 695 v.
1304 657 1445 707 κίρκον.
1482 658 1612 697 Recte
1632 667 1769 697 monet

335 717 459 758 schol.
491 719 541 758 B.
573 719 818 774 AEschylum
851 720 977 772 πηγὴν
1010 721 1202 760 κλοπαίαν
1226 720 1389 770 dixisse,
1418 737 1546 776 quum
1571 723 1769 764 debuerat

333 783 452 835 πυρὸς
488 786 688 831 κλοπαίου,
721 795 761 825 et
798 786 1169 838 ναρθηκοπλήρωτον
1202 801 1278 841 pro
1310 787 1422 830 ἐντὸς
1453 788 1650 840 νάρθηκος.
1703 789 1769 830 Sic

333 849 439 889 infra
454 865 492 891 v,
523 863 613 903 152.
639 852 982 902 ἀδαμαντοδέτοισι
1010 853 1148 902 λύμαις
1177 867 1252 907 pro
1270 854 1409 903 λύμαις
1428 857 1580 904 δεσμῶν
1601 856 1769 906 ἀδαμαν-

333 916 462 955 τίνων.
505 917 602 956 600.
637 917 877 972 οἰστρηλάτῳ
911 919 1072 968 δείματι.
1124 918 1333 959 Theocrit.
1368 921 1450 974 Ep.
1487 921 1535 960 V.
1578 921 1767 976 καροδέτῳ

333 983 532 1032 πνεύματι.
567 983 796 1023 BLOMF.

394 1061 485 1088 111.
515 1047 660 1103 πάσης]
694 1053 790 1090 πᾶσι
822 1048 919 1089 Ald.
949 1049 1058 1089 Rob.
1087 1065 1179 1090 cum
1212 1050 1375 1090 duobus
1401 1051 1519 1092 codd.
1549 1062 1590 1093 et
1613 1070 1672 1105 γρ.
1701 1069 1766 1108 ap.

335 1115 459 1155 H.St.

387 1180 540 1232 πέφηνε
558 1182 738 1222 Α.Β.Μ.
759 1181 922 1236 aliique.
953 1182 1102 1234 πέφυκε
1124 1182 1224 1223 Ald.
1248 1183 1357 1224 Rob.

393 1259 484 1287 112.
514 1247 684 1301 τοιάσδε]
710 1251 866 1288 τοιῶνδε
888 1249 1063 1290 Vindob.
1086 1259 1293 1304 quattuor.
1340 1250 1577 1301 Scholiasta,
1598 1255 1768 1293 Τοιῶνδε

333 1313 612 1365 ἁμαρτημάτων
641 1316 779 1356 ποινὰς
804 1315 882 1354 ἔδει
910 1317 1044 1362 εἰπεῖν,
1065 1319 1134 1355 νῦν
1163 1317 1205 1355 δὲ
1231 1316 1326 1367 πρὸς
1355 1316 1398 1355 τὸ
1422 1317 1558 1360 ποινάς
1581 1318 1650 1368 τὴν
1677 1320 1767 1359 σύν-

332 1383 439 1429 ταξιν
460 1379 669 1420 ἀπέδωκεν.

392 1458 407 1484 1
422 1458 483 1498 13.
503 1447 716 1498 ὑπαιθρίοις
736 1446 1019 1487 Blomfieldus.
1072 1447 1309 1501 Legebatur
1328 1450 1536 1500 ὑπαίθριος.

388 1512 597 1563 ὑπαίθριος,
639 1513 864 1553 Subdivus.
917 1513 991 1552 ὑπὸ
1031 1514 1100 1553 τὸν
1137 1513 1245 1565 ἀέρα.
1296 1515 1356 1554 καὶ
1394 1516 1578 1568 ὕπαιθρος
1616 1519 1766 1567 ὁμοίως.

332 1576 507 1617 Photius
528 1578 632 1618 Lex.
653 1587 694 1618 et
711 1577 870 1619 Suidas.
903 1579 1134 1629 Subdivus,
1151 1581 1345 1632 ὕπαιθρος.
1379 1580 1537 1621 Glossae
1557 1592 1653 1623 vett.
1687 1585 1765 1624 Ve-

331 1653 435 1683 teres
454 1658 550 1683 vero
573 1643 816 1698 plerumque
845 1645 1044 1697 ὑπαίθριος
1073 1645 1125 1685 de
1154 1660 1326 1700 persona
1355 1646 1556 1696 dicebant,
1584 1650 1769 1700 ὕπαιθρος

329 1708 380 1748 de
411 1724 465 1749 re.
510 1709 703 1764 Thucyd.
732 1723 767 1758 Ι,
794 1723 884 1764 134.
917 1711 982 1751 ἵνα
1010 1711 1062 1761 μὴ
1090 1712 1292 1763 ὑπαίθριος
1320 1715 1594 1765 ταλαιπωροίη.
1646 1715 1768 1755 Plato

334 1775 523 1830 Sympos.
545 1790 585 1830 p.
612 1788 690 1829 203
714 1777 767 1816 D.
791 1777 854 1816 ἐπὶ
871 1777 1003 1827 θύραις
1024 1777 1085 1816 καὶ
1105 1778 1148 1817 ἐν
1168 1779 1271 1819 ὁδοῖς
1293 1779 1492 1829 ὑπαίθριος
1521 1781 1766 1831 κοιμώμενος.

331 1841 375 1880 τὸ
404 1842 606 1893 ὕπαιθρον,
627 1856 699 1881 aer
719 1842 946 1888 subdialis;
980 1844 1027 1882 τὰ
1054 1844 1221 1895 ὕπαιθρα
1249 1850 1416 1890 castren
1450 1845 1542 1888 ναὸς
1570 1848 1766 1898 ὕπαιθρος,

329 1908 521 1962 templum
540 1908 628 1947 sine
648 1912 762 1948 tecto.
809 1908 889 1948 Sed
910 1908 950 1948 in
973 1910 1124 1964 Agam.
1141 1922 1237 1964 343.
1258 1912 1469 1963 ὑπαιθρίων
1487 1912 1637 1964 πάγων.
1678 1915 1767 1954 Eu-

329 1972 406 2028 rip.
429 1973 633 2013 Androm.
657 1975 750 2014 226.
780 1973 900 2032 ῥανίδ’
921 1975 1124 2026 ὑπαιθρίας
1152 1977 1307 2027 δρόσου.
1340 1978 1479 2017 confer
1499 1978 1765 2034 Oudendorp.

328 2038 381 2078 ad
415 2039 567 2079 Thom.
599 2040 663 2079 M.
694 2039 735 2079 in
769 2054 875 2080 voce.
919 2039 1159 2080 salmasium
1204 2041 1256 2081 ad
1297 2041 1542 2083 Tertullian.
1579 2044 1765 2093 dePall.

327 2119 369 2159 p.
392 2106 457 2158 85.
490 2106 718 2145 BLOMF.

383 2170 658 2212 πασσαλευτὸς
687 2171 759 2224 ὤν]
791 2171 1076 2218 πασσαλευτὸς,
1107 2172 1255 2213 omisso
1284 2172 1352 2223 ὢν,
1383 2173 1520 2215 decem
1553 2176 1765 2218 minimum

326 2235 495 2276 codices.
537 2236 862 2287 πασσαλευμένος
892 2238 955 2277 Μ.
988 2252 1081 2277 cum
1112 2248 1266 2293 septem
1296 2240 1384 2280 aliis
1413 2250 1451 2281 et
1481 2241 1578 2282 Ald.
1602 2258 1653 2283 ex
1682 2259 1766 2299 quo

325 2303 675 2352 πασσαλευόμενος
694 2302 847 2343 factum
868 2303 909 2343 in
929 2304 1015 2344 cod.
1040 2304 1233 2345 Cantabr.
1259 2321 1351 2347 uno.
1388 2310 1766 2361 πεπασσαλευμένος

326 2368 438 2408 Rob.
472 2368 585 2423 quod
623 2377 753 2408 metro
783 2369 1132 2410 accommodatum
1170 2371 1257 2421 erit,
1295 2372 1326 2413 si
1361 2377 1517 2424 δεσμοῖς
1553 2375 1764 2417 scribatur.

325 2435 405 2474 Est
443 2434 530 2475 haec
570 2434 782 2489 scripturae
821 2434 1092 2490 discrepantia
1131 2437 1330 2493 ejusmodi
1371 2449 1418 2480 ut
1453 2455 1531 2480 non
1565 2442 1649 2482 sine
1681 2443 1766 2483 veri

325 2499 455 2555 specie
474 2500 618 2555 conjici
648 2500 773 2555 possit
793 2500 872 2541 alio
893 2501 1134 2556 AEschylum
1168 2519 1285 2545 usum
1308 2520 1392 2545 esse
1412 2507 1626 2557 vocabulo,
1647 2510 1766 2564 cujus

323 2566 566 2621 glossemata
587 2566 667 2607 sint
687 2568 1063 2619 πεπασσαλευμένος
1082 2579 1122 2609 et
1142 2574 1432 2615 πασσαλευτός.

384 2646 399 2672 1
413 2646 476 2683 14.
499 2634 523 2673 ἃ
544 2634 582 2680 ἀ,
606 2633 652 2673 ἔα
672 2631 738 2687 ἔα]
760 2633 1038 2674 Delendum''
1018 2651 1064 2674 εα
1084 2635 1144 2686 ἔα,
1159 2636 1271 2691 quod
1293 2638 1563 2693 explicandi
1542 2642 1604 2681 a&
1624 2657 1764 2682 caussa

322 2699 586 2755 adscriptum.
648 2701 713 2740 De
733 2714 817 2754 quo
836 2699 996 2740 dicetur
1015 2701 1066 2741 ad
1088 2717 1124 2742 v.
1146 2704 1243 2757 566.

389 2778 478 2818 115.
510 2767 566 2808 τίς
595 2767 698 2820 ἀχὼ]
732 2767 976 2821 Perceperat
1007 2782 1152 2824 nempe
1174 2770 1446 2812 Prometheus
1480 2788 1502 2812 e
1535 2773 1761 2828 longinquo

322 2845 466 2871 currus
485 2831 592 2880 alati,
614 2847 706 2886 quo,
719 2832 929 2887 Nymphae
959 2848 1032 2888 per
1060 2839 1192 2875 a‘erem
1224 2835 1546 2888 advehebantur,
1569 2837 1757 2879 sonitum.
1795 2840 1797 2842 ’

324 2897 453 2936 SCH.
