1898 3256
568 238 658 281 AD
689 236 1167 280 PROMETHEUM.
1524 237 1607 279 105

138 352 318 402 oculum,
349 351 417 393 cui
451 351 609 394 accedit
644 349 772 393 schol.
802 349 857 404 β’.
919 349 1130 406 Quicquid
1161 364 1259 390 vero
1290 348 1343 390 de
1372 348 1608 405 Arimaspis

139 418 305 469 dicitur,
336 418 377 460 in
409 419 586 461 dubium
615 427 734 460 vocat
764 417 1010 459 Herodotus
1035 430 1080 471 3,
1102 418 1199 466 116,
1229 416 1314 458 imo
1343 416 1396 458 de
1425 416 1474 457 iis
1493 406 1607 457 'nihil

138 485 247 527 tradi
281 495 434 542 praeter
467 486 630 528 fabulas
665 485 817 527 Strabo
846 484 998 541 probat
1031 497 1094 526 11.
1129 499 1170 541 p.
1200 494 1303 538 507.
1339 484 1389 525 C.
1424 483 1605 525 Casaub.

139 558 364 599 STANL.
393 562 557 610 μονῶπα
578 559 635 599 D.
656 566 697 599 et
727 557 926 599 Eustath.
958 556 1012 598 ad
1043 556 1217 613 Dionys.
1240 556 1289 597 P.
1312 569 1383 611 31.
1414 553 1607 608 μουνῶπῗέ

139 625 203 666 Μ.
226 642 274 666 ον
293 625 346 667 ab
368 640 445 666 rec.
469 640 594 666 manu
614 624 834 680 adscripto.

196 694 295 747 805.
312 694 596 747 χρυσόρρυτον]
618 694 742 734 Auro
756 691 970 733 abundare
986 690 1130 748 plagas
1144 691 1236 733 illas
1250 692 1606 748 septentrionales,

137 769 288 815 praeter
321 759 510 801 Solinum
544 775 634 816 cap.
670 771 733 815 15.
767 758 910 801 asserit
944 759 1193 801 Herodotus
1226 773 1270 815 3,
1302 761 1397 802 116.
1434 759 1531 813 πρὸς
1564 761 1608 802 δὲ

136 827 278 880 ἄρκτου
307 831 375 879 τῆς
404 828 592 881 Εὐρώπης
620 829 760 882 πολλῷ
789 843 851 868 τοι
885 830 1077 870 πλεῖστος
1110 827 1262 881 χρυσὸς
1294 827 1480 880 φαίνεται
1516 828 1604 869 ε’ὥν.

137 895 274 936 Caute
310 904 447 937 tamen
488 895 631 937 subdit
671 896 770 939 ὅκως
803 896 878 947 μὲν
909 895 1118 948 γινόμενος
1149 895 1219 935 οὐκ
1256 894 1335 948 ἔχω
1368 894 1458 936 οὐδὲ
1490 897 1605 936 τοῦτο

136 962 327 1015 ἀτρεκέως
341 963 460 1005 εἶπαι.
493 962 607 1004 Hinc
626 963 826 1004 Lucanus
840 975 884 1017 3,
898 963 999 1016 289:
1023 976 1210 1018 auroque
1225 962 1385 1019 ligatas
1397 963 1606 1004 substrin-

129 1044 242 1087 gens
260 1031 489 1088 Arimaspe
517 1045 668 1072 comas.
732 1030 879 1086 Hujus
906 1045 1031 1070 causa
1049 1029 1234 1086 gryphes
1253 1044 1348 1070 cum
1371 1029 1606 1086 Arimaspis

135 1097 299 1139 assidue
320 1113 510 1154 pugnare
529 1114 582 1139 ex
603 1097 772 1139 Aristea
792 1097 918 1139 refert
939 1097 1167 1138 Pausanias
1191 1111 1230 1148 1,
1254 1109 1320 1149 24.
1356 1098 1580 1140 STANL.

194 1165 292 1206 806.
314 1165 459 1221 πόρου]
481 1168 606 1219 πόρον
626 1166 705 1254 Μ.ὸ
714 1166 867 1221 aliique
888 1164 1077 1206 nonnulli
1098 1175 1139 1206 et
1160 1165 1272 1207 Rob.

633 1235 687 1265 ουρ
706 1235 725 1254 ν

196 1264 291 1318 807.
313 1264 526 1322 τηλουρὸν]
549 1265 769 1319 τηλουργὸν
790 1266 854 1306 Μ.
887 1265 1005 1318 ουρὸν
1021 1264 1075 1306 ab
1095 1264 1176 1306 alia
1195 1279 1322 1307 manu
1343 1263 1566 1320 adscripto.

195 1332 291 1372 808.
313 1331 350 1373 οἳ
369 1332 466 1385 πρὸς
491 1333 605 1384 ἡλίου
633 1333 788 1373 ναίουσι
813 1332 975 1386 πηγαῖς]
1002 1333 1172 1373 Veteres
1195 1332 1421 1389 AEthiopas
1450 1331 1505 1373 ad
1535 1347 1607 1373 ex-

137 1398 362 1440 tremitates
389 1409 509 1441 terrae
535 1399 756 1441 collocatos
786 1400 1021 1450 censebant,
1043 1415 1125 1441 non
1158 1399 1289 1441 solum
1314 1415 1456 1442 versus
1487 1400 1607 1441 meri-

135 1465 260 1517 diem,
292 1466 364 1508 sed
395 1477 437 1508 et
466 1482 609 1508 versus
638 1467 836 1509 orientem
874 1477 915 1509 et
949 1467 1234 1516 occidentem3
1273 1467 1424 1509 etenim
1465 1478 1606 1511 monet

139 1533 290 1575 Strabo
320 1547 357 1584 Ι,
391 1549 436 1590 p.
467 1547 538 1590 33.
573 1537 622 1576 τὰ
660 1537 913 1588 μεσημβρινὰ
952 1535 1083 1577 πάντα
1117 1536 1338 1577 Αἶθιωπίαν
1377 1539 1604 1587 καλεῖσθαι,

136 1602 258 1659 cujus
291 1602 349 1643 rei
385 1612 529 1644 testem
565 1602 739 1644 adducit
770 1602 1022 1660 AEschylum
1053 1603 1094 1644 in
1127 1603 1380 1645 Prometheo
1409 1604 1603 1660 λυομένῳ.

137 1671 307 1711 Veteres
328 1670 516 1726 sequitur
538 1670 803 1722 Ptolemaeus,
827 1672 904 1713 εἶσὶ
925 1673 968 1713 δὲ
989 1673 1132 1723 ὁμοίως
1152 1673 1189 1712 οἱ
1215 1671 1291 1712 ὑπὸ
1312 1672 1382 1712 τὸν
1404 1671 1606 1713 Ζωδιακὸν

137 1739 335 1781 οἰκοῦντες
354 1738 431 1779 ἀπὸ
452 1739 600 1781 δύσεως
619 1738 756 1792 μέχρις
776 1740 994 1786 ἀνατολῶν,
1014 1739 1184 1781 ἅπαντες
1202 1738 1376 1791 μέλανες
1397 1741 1466 1781 τὰς
1483 1740 1606 1792 χρόας

140 1806 334 1849 Αἰθίοπες.
397 1805 505 1846 Inde
524 1806 624 1859 πρὸς
642 1807 757 1858 ἡλίου
777 1811 922 1860 πηγαῖς
942 1806 1077 1863 positi.
1101 1805 1244 1862 Virgil.
1269 1807 1324 1847 AE
1334 1821 1372 1847 n.
1394 1819 1437 1858 4,
1456 1807 1556 1860 480.

310 1905 465 1946 Oceani
485 1906 607 1946 finem
622 1906 749 1962 juxta
768 1906 980 1962 solemque
999 1906 1212 1947 cadentem

310 1972 498 2014 Ultimus
519 1974 770 2030 AEthiopum
792 1974 907 2015 locus
927 1985 1001 2015 est.

141 2077 385 2119 Macrobius
406 2079 444 2119 I.
465 2092 534 2134 33.
557 2079 829 2121 Homericum
850 2079 955 2121 illud
977 2080 1189 2136 proferens
1212 2079 1264 2121 Il.
1288 2084 1320 2131 I,
1341 2093 1439 2136 423.

312 2190 412 2234 Ζεὺς
435 2191 546 2246 [γὰρ]
570 2193 610 2235 ἐς
628 2191 828 2234 Ὠκεανὸν
846 2193 928 2244 μετ’
950 2193 1150 2244 ἀμύμονας
1171 2193 1388 2243 Αἰθιοπῆας

311 2258 444 2312 χθιζὸς
464 2259 538 2311 ἔβη
558 2262 656 2311 μετὰ
681 2260 817 2315 [κατὰ]
842 2263 969 2308 δαῖτα,

139 2375 281 2424 Jovis,
301 2373 451 2430 inquit,
471 2377 750 2432 appellatione
781 2378 918 2418 Solem
946 2377 1130 2434 intelligi
1158 2377 1413 2432 Cornificius
1441 2377 1601 2426 Scribit,

140 2443 211 2482 mci
229 2442 346 2482 unda
370 2443 525 2483 Oceani
546 2444 657 2485 velut
677 2445 804 2500 dapes
824 2446 1055 2486 ministrat.
1089 2446 1314 2486 STANL.

200 2509 296 2563 809.
332 2509 430 2550 ἔνθα
462 2510 636 2562 ποταμὸς
670 2511 840 2567 Αἰθίοψ]
879 2513 922 2552 Α
952 2513 1087 2553 colore
1118 2512 1197 2553 hoc
1227 2526 1379 2552 nomen
1413 2510 1602 2566 adeptus.

145 2575 272 2616 Solin.
293 2591 327 2616 c.
353 2589 421 2626 24.
440 2577 556 2618 ultra
575 2579 712 2619 adhuc
730 2581 884 2628 amnis,
905 2581 977 2635 qui
1002 2586 1093 2620 atro
1119 2579 1250 2620 colore
1279 2580 1367 2619 exit
1389 2592 1472 2631 per
1500 2579 1604 2618 inti-

142 2657 234 2684 mas
253 2649 293 2684 et
311 2650 483 2686 exustas
502 2646 759 2696 solitudines,
780 2662 872 2703 quae
892 2653 1074 2688 torrente
1087 2653 1293 2703 perpetuo
1312 2652 1351 2687 et
1372 2646 1455 2687 sole
1474 2646 1605 2686 nimio

133 2711 364 2767 plusquam
382 2713 524 2768 ignito
543 2728 757 2769 nunquam
779 2714 831 2753 ab
852 2720 961 2754 oestu
983 2715 1271 2754 vindicantur.
1305 2713 1529 2754 STANL.

202 2778 297 2819 810.
320 2780 457 2820 τούτου
477 2778 565 2832 παρ’
588 2781 711 2833 ὄχθας
733 2779 842 2834 ἕρφ’]
866 2780 998 2836 Niger
1017 2795 1111 2820 cum
1134 2780 1187 2821 ad
1209 2780 1404 2821 ultimum
1425 2790 1605 2821 catarac-

143 2854 278 2886 tarum
301 2845 548 2902 pervenerit,
568 2846 693 2888 Nilus
716 2847 879 2888 dicitur.
928 2847 1054 2888 Solin.
1075 2859 1144 2902 32.
1165 2849 1407 2905 demumque
1425 2862 1454 2888 a
1477 2848 1606 2890 Cata-

143 2919 256 2962 racta
275 2913 421 2954 ultimo
441 2919 556 2954 tutus
575 2919 650 2964 est,
671 2915 733 2955 ita
753 2916 863 2955 enim
883 2914 1072 2971 quaedam
1092 2916 1280 2957 claustra
1300 2917 1391 2972 ejus
1407 2916 1607 2973 AEgyptiz·

143 2987 416 3036 nuncupant,-
449 2982 591 3021 relicto
621 2987 759 3023 tamen
789 2982 862 3023 hoc
884 2987 982 3038 post
1003 2996 1047 3023 se
1067 2984 1233 3024 nomine
1252 2998 1332 3040 quo
1351 2984 1516 3041 Nigris
1535 2998 1607 3026 vo·

868 3064 894 3090 o
