1898 3256
332 221 416 260 208
804 221 1299 262 ANNOTATIONES

326 333 451 388 giam,
473 333 666 375 delendos
684 350 768 376 esse
790 335 891 376 vidit
912 335 1119 377 Butlerus.
1181 335 1258 376 Sed
1291 335 1565 390 praecedentes
1596 352 1761 393 quoque

327 400 411 441 duo
431 401 854 454 ἕξουσι-φορούμενοι
874 402 1040 442 minime
1061 412 1157 443 sunt
1180 402 1402 456 AEschylei.

385 467 480 507 818.
502 469 626 523 ταφῇ]
650 467 761 522 τάφῳ
781 468 936 523 aliquot
957 468 1074 509 codd.
1096 478 1136 509 et
1156 468 1255 510 Ald.
1280 469 1387 509 Rob.

385 534 479 575 820.
525 534 754 588 βασιλέοιν]
796 536 1022 586 βασιλείοιν
1062 535 1125 575 Μ.
1166 535 1316 590 aliique
1340 535 1538 575 ‘nonnulli
1581 545 1622 576 et
1661 536 1760 577 Ald.

328 599 486 640 Eadem
509 600 593 641 fere
612 601 736 641 verba
755 601 795 641 in
819 616 935 641 versu
957 600 1096 656 spurio
1118 601 1214 652 804.

385 667 479 709 821.
519 667 716 724 πέπωκεν]
759 668 959 708 πέπτωκεν
995 667 1152 723 aliquot
1189 668 1307 709 codd.
1350 677 1390 709 et
1425 668 1524 709 Ald.
1568 668 1764 709 πέπωκται

329 733 437 774 Rob.

383 798 484 852 γαῖ’]
508 803 583 852 γᾶν
604 800 668 839 Μ.
692 809 732 840 et
753 809 833 840 tres
854 799 937 849 alii,
958 799 1042 840 duo
1063 804 1127 853 γᾶ.

385 866 480 908 822.
511 866 730 920 πολιοῦχοι]
761 869 993 919 πολισοΰχοι
1022 866 1125 907 Ald.
1160 870 1419 920 πολισσοῦχοι
1449 868 1512 907 Μ.
1543 866 1693 922 aliique
1722 876 1763 907 et

328 931 437 972 Rob.
461 933 596 972 Turn.

383 1002 588 1051 πολιοῦχοι
627 999 824 1054 δαίμονες]
866 1001 1127 1051 πολισσοῦχοι
1166 1000 1248 1040 θεοὶ
1283 1001 1458 1040 Tzetzes
1495 998 1545 1039 ad
1588 999 1759 1040 Hesiodi

328 1066 408 1120 Op.
433 1078 447 1104 1
461 1066 525 1106 28.

384 1133 480 1183 824.
504 1133 643 1172 τούσδε
661 1132 820 1185 ῥύεσθε]
844 1131 970 1172 τούσδ’
994 1123 1173 1184 ἕρύεσθαει
1194 1133 1254 1173 Μ.
1286 1133 1425 1173 τούσδε
1443 1130 1604 1184 ῥύεσθαι
1623 1133 1760 1188 Mosq.

326 1198 491 1253 primus.
532 1198 660 1239 τούσδ’
700 1200 860 1251 ἐρύεσθε
893 1198 1029 1252 Mosq.
1070 1198 1286 1248 secundus,
1320 1198 1592 1254 superscripto
1622 1199 1761 1240 τούσδε

326 1265 567 1317 φυλάσσετε.
604 1266 702 1305 Post
722 1266 863 1317 ῥύεσθε
883 1264 1034 1305 excidit
1053 1264 1219 1320 dipodia
1239 1265 1493 1320 anapaestica,
1515 1281 1598 1320 qua
1618 1265 1761 1306 ultima

324 1330 432 1371 illius
454 1331 565 1371 verbi
586 1331 742 1387 syllaba
761 1331 961 1387 producta
980 1330 1072 1371 fuit.

384 1398 479 1439 826.
511 1398 671 1454 σωτῆρι]
705 1398 873 1451 σωτηρίᾳ
901 1396 1056 1452 aliquot
1085 1396 1252 1438 codices.
1313 1396 1397 1438 Hic
1425 1412 1591 1452 quoque
1620 1413 1760 1438 versus

326 1478 406 1504 non
428 1463 596 1519 integer.
657 1464 924 1505 Scribendum
946 1466 1098 1506 πόλεως
1118 1464 1247 1504 ἀσινεῖ
1264 1467 1406 1515 σωτῆρι
1426 1464 1533 1517 τύχᾳ.

384 1531 478 1572 828.
499 1530 788 1584 πολεμάρχους]
812 1530 1063 1584 πολεμάρχας
1081 1529 1237 1585 aliquot
1256 1529 1423 1570 codices.
1484 1529 1645 1570 Atticos
1666 1545 1760 1571 vero

325 1597 562 1652 hujusmodi
582 1597 805 1652 composita
823 1612 897 1652 per
916 1615 986 1651 χος
1009 1597 1199 1638 extulisse
1228 1595 1374 1651 colligo
1403 1612 1454 1636 ex
1483 1596 1658 1652 propriis
1687 1611 1758 1637 no-

326 1663 505 1704 minibus
525 1662 754 1717 Ἵππαρχος,
776 1664 967 1717 Νέαρχος,
992 1663 1206 1717 Κλέαρχος.
1268 1664 1319 1703 In
1343 1663 1530 1718 Choeph.
1554 1672 1671 1716 1070.
1692 1680 1762 1704 πο-

324 1730 520 1784 λέμαρχος
550 1730 646 1783 ἀνὴρ
675 1729 782 1771 basis
811 1729 1054 1786 anapaestica
1077 1737 1150 1770 est.
1181 1729 1311 1769 Rhes.
1335 1730 1433 1784 381.
1455 1730 1631 1780 Σκύμνου
1652 1729 1759 1781 ἔθρε-

325 1802 407 1850 ψας
426 1799 645 1850 πολίαρχον
665 1799 771 1838 ἰδεῖν.
816 1796 907 1837 Vid.
930 1798 1041 1837 Pers.
1063 1809 1160 1851 314.
1194 1796 1338 1851 Suppl.
1361 1807 1423 1836 12.
1445 1797 1541 1850 967.
1572 1795 1757 1851 Choeph.

326 1866 420 1905 662.
446 1873 487 1905 et
514 1873 668 1905 veteres
696 1863 886 1905 lectiones
914 1878 1086 1920 reponas
1114 1863 1155 1904 in
1188 1862 1378 1919 Sophocl.
1400 1862 1504 1903 (Ed.
1528 1863 1618 1903 Col.
1638 1863 1759 1916 1085.

326 1931 445 1986 Ajac.
466 1944 563 1986 390.
596 1932 827 1972 BLOMF.

384 1999 479 2051 829.
505 1997 604 2052 κατ’]
630 1999 691 2038 καὶ
713 1999 790 2039 κατ’
816 1997 912 2038 Ald.
935 1998 1044 2038 Rob.

383 2065 479 2118 830.
523 2065 583 2105 καὶ
617 2065 879 2119 πολυνεικεῖς]
918 2066 1024 2105 Haec
1061 2066 1184 2105 verba
1222 2073 1313 2119 post
1353 2066 1474 2116 ὀρθῶς
1513 2062 1759 2118 transposuit

326 2130 605 2172 Blomfieldus.
665 2131 774 2171 Mihi
795 2146 845 2171 ex
864 2130 1104 2186 glossemate
1124 2130 1176 2170 ad
1198 2131 1415 2182 ἐπωνυμίαν
1436 2129 1639 2184 adscripto
1665 2138 1759 2170 nata

324 2196 516 2237 videntur
526 2213 537 2240 ;
570 2212 664 2252 quae
685 2197 824 2238 Bothii
843 2212 1009 2252 quoque
1030 2196 1226 2237 sententia
1245 2196 1336 2237 fuit.

383 2263 900 2317 832—-839=840—847.
933 2263 1082 2304 Versus
1110 2264 1151 2303 in
1182 2263 1283 2304 Ald.
1314 2263 1368 2303 sic
1399 2262 1517 2303 divisi
1546 2261 1633 2303 Z>—
1659 2261 1665 2318 Ι
1690 2263 1754 2315 γέ-

326 2345 474 2371 νεος-
499 2328 505 2385 Ι
530 2334 659 2371 πιτνεῖ
690 2331 864 2382 κρύος-
889 2329 895 2384 Ι
921 2333 1075 2374 θυὰς-
1100 2329 1106 2385 Ι
1133 2331 1378 2373 θανόντας-
1403 2329 1410 2385 Ι
1437 2328 1703 2381 ἐξέπραξεν-
1727 2327 1733 2384 Ι

324 2397 526 2446 βουλαὶ-
551 2395 557 2452 Ι
581 2396 817 2449 μέριμναι-
842 2395 848 2452 Ι
876 2398 919 2437 ἰὼ
939 2414 1037 2438 π.-
1062 2397 1070 2451 Ι
1094 2397 1255 2448 ἣλθε-
1279 2395 1286 2452 Ι
1312 2395 1448 2442 ‘nib’—
1473 2395 1481 2452 Ι
1507 2397 1701 2436 διπλαὶ-
1726 2395 1734 2451 Ι

326 2461 465 2502 κάκ’-
490 2462 497 2517 Ι
522 2463 561 2502 τί
579 2462 686 2503 δ’-.

383 2530 476 2582 833.
498 2528 550 2585 τ’]
574 2528 608 2582 γ’
632 2529 825 2570 Cantabr.
847 2538 1031 2584 uterque.
1083 2529 1330 2570 Particulam
1351 2528 1530 2584 ineptam
1551 2536 1657 2569 recte
1676 2543 1757 2569 om.

325 2595 433 2636 Rob.
494 2595 648 2636 Hiatus
668 2611 764 2636 vero
784 2596 946 2637 Οἰδίπου
976 2597 1051 2648 ἆρὰ
1080 2611 1207 2651 quum
1236 2610 1316 2636 non
1337 2596 1465 2650 magis
1485 2594 1677 2635 ferendus
1697 2594 1755 2635 vi-

324 2663 471 2703 deatur
499 2677 623 2718 quam
653 2663 895 2715 παλαίφατοι
924 2663 1017 2716 ἀραί
1042 2678 1080 2703 ν.
1111 2665 1205 2716 766,
1231 2662 1294 2704 vel
1321 2664 1484 2704 Οἰδίπου
1511 2661 1572 2703 vel
1603 2662 1678 2714 ἆρὰ
1707 2677 1757 2702 ex

323 2729 564 2785 glossemate
583 2728 741 2770 illatum
766 2728 926 2770 videtur
946 2744 1021 2784 pro
1041 2728 1120 2770 alio
1140 2729 1351 2770 vocabule.

383 2796 477 2850 834.
500 2795 569 2848 με]
588 2812 661 2847 μου
683 2794 800 2835 codd.
822 2794 977 2849 aliquot
997 2806 1037 2836 et
1056 2795 1154 2835 Ald.
1178 2797 1311 2836 Turn.
1331 2812 1396 2846 μοι
1415 2794 1499 2835 duo
1518 2794 1638 2836 codd.

382 2863 539 2914 καρδίαν
574 2863 637 2902 M.
680 2861 842 2916 aliique.
902 2861 989 2901 Alii
1029 2863 1162 2916 καρδίᾳ
1199 2876 1291 2902 eum
1331 2861 1431 2902 Ald.
1472 2861 1580 2902 Rob.
1624 2861 1757 2915 κραδίᾳ.

327 2929 459 2968 Turn.
