1898 3256
366 241 455 282 AD
487 240 740 283 SEPTEM
773 238 1104 281 ADVERSUS
1137 239 1406 281 THEBAS.
1547 239 1633 281 183

156 353 283 398 πύλας
301 352 402 396 dicit
421 369 518 410 quae
542 352 712 411 proprio
739 352 905 395 nomine
922 350 1123 405 ’Ύψισται
1156 366 1189 392 s.
1212 351 1395 393 Βοιώτιαι
1416 360 1631 393 vocantur.

157 421 290 463 Inane
311 421 541 464 scholiastae
560 430 840 464 commentum
862 429 925 462 est
944 423 1030 462 ταῖς
1044 418 1123 460 ἀπὸ
1143 421 1337 473 Βορραίου
1356 419 1632 472 καλουμέναις.

159 489 211 532 V.
228 490 394 546 Ungeri
418 489 625 532 Thebana
643 488 866 531 Paradoxa
884 486 966 528 vol.
986 501 1021 529 1.
1041 502 1083 544 p.
1104 500 1206 543 333.

215 559 316 614 528.
348 557 578 616 Euripides
596 557 639 599 in
663 556 869 599 Phoeniss.
889 566 982 610 147.
1005 555 1360 612 Parthenopaeum
1393 555 1500 598 sistit
1531 556 1635 610 ἀμφὶ

154 628 287 679 μνῆμα
306 629 376 668 τοῦ
398 626 540 678 Ζήθου.
563 626 635 668 ubi
655 635 771 667 notat
792 623 1025 673 scholiasta,
1041 623 1171 667 κοινὸς
1189 625 1265 675 μὲν
1281 624 1432 677 ἀμφοῖν
1450 626 1470 665 ὁ
1487 624 1630 678 τάφος,

156 693 287 746 Ζήθου
307 694 371 736 καὶ
389 694 623 748 Ἀμφίονος.
646 695 827 736 Pausan.
846 707 888 747 9,
910 703 975 747 17.
1001 691 1116 748 Ζήθῳ
1137 693 1180 733 δὲ
1199 694 1334 744 μνῆμα
1355 692 1419 733 καὶ
1437 693 1632 746 Ἀμφίονι

155 763 201 804 ἐν
221 765 338 818 κοινῷ
358 765 430 816 γῆς
449 764 601 817 χώματι
621 762 667 803 οὗ
685 762 804 816 μέγα.
827 760 899 802 ubi
918 759 1105 816 legerim,
1128 761 1172 801 ἐν
1198 760 1330 815 κοινῷ,
1352 761 1425 813 γῆς
1452 758 1568 813 χῶμά
1594 775 1632 801 τι

154 830 202 872 οὐ
219 829 337 884 μέγα.
370 830 439 872 Cf.
462 831 517 873 G.
540 831 698 887 Cuper.
721 829 824 871 Obs.
846 842 889 884 3,
911 838 975 882 17.
998 843 1041 884 p.
1062 840 1165 883 343.
1198 828 1435 869 BLOMF.

212 908 311 955 529.
340 902 501 952 μᾶλλον
530 902 622 940 θεοῦ
650 899 792 951 σέβειν
821 897 1031 953 πεποιθὼς]
1065 895 1306 938 Mezentius
1337 894 1452 952 apud
1480 894 1629 952 virgil.

157 968 263 1009 AEn.
282 982 346 1020 10,
371 977 466 1024 773.

328 1054 498 1095 Dextra
518 1053 622 1094 mihi
642 1053 757 1103 deus,
779 1058 818 1094 et
837 1053 981 1104 telum,
1002 1051 1112 1109 quod
1126 1051 1286 1093 ‘missile
1305 1051 1429 1102 libro,

329 1121 461 1163 Nunc
479 1121 636 1163 adsint.

158 1206 380 1263 Capaneus
398 1206 514 1264 apud
537 1205 716 1248 Statium
740 1205 881 1247 Theb.
902 1219 945 1262 3,
969 1206 1065 1260 615.

498 1292 637 1333 virtus
656 1291 760 1331 »mihi
780 1305 935 1332 numen
957 1296 996 1332 et
1015 1290 1128 1331 ensis

333 1360 464 1408 Quem
485 1366 611 1402 teneo.
675 1359 902 1400 STANL.

215 1443 248 1485 θ’
270 1458 353 1486 om.
375 1443 488 1486 Rob.

212 1523 311 1568 532.
334 1513 445 1569 Διός]
467 1515 581 1566 δορός
599 1512 686 1554 duo
705 1512 828 1555 codd.
847 1521 890 1554 et
910 1513 1023 1554 Rob.

212 1581 372 1637 μητρὸς]
398 1581 543 1635 ματρὸς
563 1581 659 1624 edd.
679 1589 776 1624 ante
789 1580 1051 1623 Brunckium
1070 1578 1352 1622 consentiente
1371 1579 1437 1621 M.
1451 1577 1627 1636 aliisque

156 1649 383 1693 codicibus,

214 1718 359 1772 μητρὸς
389 1718 431 1770 ἐξ
458 1717 664 1774 ὀρεσκόου]
688 1717 826 1760 Schol.
849 1717 1082 1774 Antiopam
1116 1725 1249 1758 vocat.
1312 1715 1397 1758 Sed
1427 1714 1626 1772 Euripidi

156 1785 403 1838 Ἀταλάντης
434 1786 553 1840 γόνος
580 1785 748 1836 dicitur,
784 1785 1007 1840 (Phoeniss.
1024 1799 1118 1841 149.
1138 1787 1280 1840 1117.)
1315 1793 1363 1826 ut
1391 1793 1434 1826 et
1459 1783 1626 1826 Ovidio.

161 1853 331 1896 Servius
349 1853 405 1896 ad
425 1853 597 1896 AEneid.
619 1855 660 1905 6,
682 1866 781 1910 479.
802 1854 904 1896 alios
922 1855 1106 1897 nominat
1126 1864 1333 1912 parentes.
1367 1854 1590 1896 STANL.

215 1933 315 1978 533.
337 1922 613 1979 καλλίπρῳρον
635 1922 784 1979 (vulgo
804 1922 890 1964 sine
908 1922 993 1964 iota
1012 1923 1287 1979 subscripto)]
1305 1923 1507 1964 Pulc-ram
1520 1936 1625 1979 pro-

159 2004 270 2040 ram,
293 1989 321 2032 i.
337 2005 373 2032 e.
385 1990 568 2047 faciem,
599 1991 766 2033 habens.
795 1992 952 2048 Agam.
973 2004 1072 2048 539.
1104 1993 1302 2045 στόματος
1332 1991 1627 2045 καλλιπρῶρου.

162 2058 394 2100 BLOMF.

217 2126 443 2183 ἀνδρόπαις]
471 2127 544 2168 Vir
559 2141 664 2184 pene
677 2142 804 2184 puer.
846 2127 967 2169 Idem
989 2127 1076 2169 fere
1095 2127 1211 2185 quod
1232 2128 1425 2178 ἀντίπαις,
1441 2141 1621 2182 pueras-

158 2201 235 2238 ter.
257 2195 441 2252 Hesych.
459 2194 708 2249 Ἀνδρόπαις.
740 2196 1002 2250 ἆνδρούμενος
1027 2195 1100 2249 ἤδη
1127 2201 1233 2240 παῖς.
1263 2194 1289 2248 ἢ
1313 2195 1456 2250 ἀνδρὸς
1476 2197 1624 2250 φρόνη-

158 2280 226 2305 σιν
259 2263 365 2318 ἔχων
398 2267 506 2315 παῖς,
543 2266 753 2318 Σοφοκλῆς
785 2265 963 2320 Τρωθιῳ.
1008 2265 1113 2318 (Τὸν
1148 2266 1391 2319 ἆνδρόπαιδα
1425 2266 1624 2318 δεσπότην

157 2331 362 2374 ἆπῶλεσα.
394 2331 534 2374 Schol.
552 2331 724 2375 Pindar.
744 2332 873 2389 Pyth.
892 2346 930 2383 2,
954 2337 1069 2388 121.)
1107 2333 1325 2391 Lycophr.
1345 2344 1472 2390 1345.
1496 2333 1624 2390 Ἀλκῇ

157 2398 344 2453 νέανδρος
364 2400 677 2454 εὐπρεπέστατος
695 2400 850 2454 γένους.
872 2401 944 2442 ubi
962 2402 1152 2453 Tzetzes,
1168 2402 1398 2456 μετέφρασε
1413 2403 1458 2444 τὸ
1473 2404 1624 2457 Αἰσχύ-

156 2474 281 2510 λειον.
316 2467 364 2510 ὃν
392 2469 470 2522 γᾶρ
499 2468 740 2522 ἆνδρόπαιδά
775 2474 902 2522 φησιν
935 2470 1152 2524 Αἰσχύλος,
1186 2470 1300 2514 οὗτος
1334 2470 1540 2523 νέανδρον,
1571 2471 1623 2515 ὡς

155 2535 433 2589 παραφράζων,
473 2536 599 2590 λέγει.
663 2536 757 2578 Vid.
806 2537 1032 2591 Spanhem.
1072 2537 1115 2578 in
1156 2537 1322 2580 Gallim.
1364 2539 1507 2580 Cerer.
1547 2547 1620 2594 35.

158 2603 412 2646 Valckenaer.
434 2603 579 2646 Anim.
598 2603 651 2646 ad
674 2605 874 2646 Ammon.
893 2620 934 2661 p.
957 2616 1029 2661 53.
1061 2606 1294 2647 BLOMF.

213 2672 314 2727 536.
343 2672 428 2714 οὔτι
454 2671 663 2725 παρθένων
689 2673 909 2728 ἐπώνυμον]
931 2672 1098 2714 Allusio
1126 2672 1180 2714 ad
1212 2687 1360 2715 nomen
1384 2673 1618 2715 Partheno·

157 2738 255 2796 paei,
275 2738 390 2796 quod
409 2738 560 2781 deinde
579 2739 731 2781 diserte
749 2740 951 2782 enuntiat.
985 2742 1118 2783 SCH.

213 2817 313 2862 537.
331 2805 385 2862 δ’]
407 2805 438 2848 τ’
462 2807 515 2848 Β.
547 2808 610 2848 καὶ
626 2808 776 2861 γοργὸν
795 2806 827 2849 δ’
849 2809 903 2850 Ε.
926 2808 1029 2849 Ald.

213 2888 311 2929 541.
333 2874 768 2929 προσμεμηχανημένην
790 2875 855 2917 Μ.
875 2875 1028 2933 aliique
1047 2884 1090 2918 et
1110 2876 1221 2918 Rob.
1284 2876 1371 2919 Alii
1390 2894 1619 2931 προσμεμη-

156 2942 406 2996 χανευμένην
423 2956 519 2983 cum
542 2943 680 2983 Tui-n.
701 2943 1132 2997 προσμεμηχανευμέυη
1154 2944 1257 2985 Ald.
1308 2945 1469 2987 Eadem
1491 2945 1619 3003 scrip-
1699 2981 1702 2985 .

158 3019 264 3051 turae
282 3008 556 3067 discrepantia
577 3025 614 3050 v.
637 3011 734 3066 643.
