1898 3256
373 237 465 278 AD
497 235 751 278 SEPTEM
784 234 1117 277 ADVERSUS
1149 233 1420 276 THEBAS.
1553 233 1637 276 173

223 347 322 401 408.
342 346 468 404 τόνδ’]
489 347 599 390 τῶνδ’
622 347 798 390 Grotius
816 347 859 389 in
880 346 1115 404 Excerptis.
1163 351 1191 372 “
1209 345 1410 388 Butlerus
1428 345 1637 388 existimat

168 415 382 458 Eteoclem
403 416 446 458 in
462 431 625 459 scenam
645 416 825 458 ducibus
844 415 1046 473 stipatum
1067 414 1281 472 prodiisse,
1303 424 1345 457 et
1365 429 1418 455 ex
1438 414 1487 456 iis
1507 429 1635 471 quos-

166 482 262 525 dam
291 484 346 526 ad
375 495 589 541 portarum
620 484 850 527 custodiam
883 483 1085 541 selegisse.
1146 484 1301 525 Recte:
1336 483 1423 524 vid.
1451 499 1491 524 v.
1511 483 1637 538 472.''

168 552 400 595 BLOMF.

223 634 276 673 41
289 634 324 662 1.
357 623 534 676 αἰσχρῶν
551 625 628 676 γὰρ
649 620 790 678 ἀργὸς]
814 621 981 673 Rarior,
1002 620 1142 671 credo,
1167 620 1259 662 haec
1289 619 1557 671 constructio,
1578 635 1635 662 sc.

166 688 312 742 ἀεργὸς
350 689 478 743 ἔργων
517 691 706 745 αἰσχρῶν.
766 689 920 745 Eurip.
961 689 1061 745 Iph.
1097 690 1153 731 T.
1194 702 1317 730 1000.
1354 687 1530 741 Στρατὸς
1557 691 1635 743 γὰρ

166 755 323 810 ἅθρους,
343 757 464 811 ἀργὸς
484 757 540 799 ὢν
559 762 637 799 τῶν
655 755 825 799 οἰκόθεν.
857 758 1091 799 BLOMF.

222 836 322 877 412.
344 825 548 880 σπαρτῶν]
573 825 687 866 Nota
707 833 768 866 est
787 823 932 866 fabula
951 824 1004 866 de
1026 824 1211 866 Cadmea
1227 824 1397 866 satione.
1430 823 1638 866 Stanleius

165 892 341 935 advocat
377 893 506 935 schol.
543 893 699 951 Eurip.
737 894 942 936 Phoeniss.
972 896 1073 950 498.
1109 896 1163 936 Οἱ
1195 893 1520 948 περιλειφθέντες
1559 898 1637 936 τῶν

165 965 364 1015 σπαρτῶν,
387 963 439 1005 ὣς
459 963 664 1017 Αἰσχύλος
684 963 823 1015 φησὶν,
849 963 990 1016 (credo
1010 963 1052 1004 in
1073 962 1199 1018 Λαΐῳ)
1222 963 1327 1015 ἦσαν
1346 961 1529 1010 Χθόνιος,
1551 963 1634 1004 Οὐ·

165 1033 288 1079 δαῖος,
311 1030 516 1085 Πέλωρος,
544 1030 785 1084 ’Τπερήνωμ
815 1032 879 1073 καὶ
907 1030 1070 1086 Ἐχίων,
1099 1030 1142 1075 ὃς
1173 1031 1319 1085 ἔγημεν
1347 1030 1538 1085 Ἀγαυὴν,
1564 1030 1637 1083 τὴν

168 1098 327 1151 Κάδμου
348 1099 556 1153 θυγατέρα,
581 1101 623 1151 ἐξ
642 1099 689 1151 ἧς
707 1103 816 1141 ποιεῖ
833 1099 1007 1148 Πενθέα,
1025 1100 1070 1141 οὗ
1092 1101 1113 1140 ὁ
1137 1099 1316 1148 Κλάσας,
1339 1100 1385 1141 οὗ
1402 1099 1634 1151 Μενοικεὺς,

165 1167 213 1208 οὗ
235 1166 374 1220 Κρέων
394 1167 457 1209 καὶ
475 1167 671 1220 Ἰοκάστη.
708 1167 800 1209 Vid.
822 1168 930 1209 infra
949 1180 1051 1222 474.
1083 1168 1318 1210 BLOMF.

225 1234 438 1290 ἐφείσατο]
472 1237 651 1288 ε’φύσατο
681 1234 840 1291 aliquot
870 1235 993 1277 codd.
1026 1237 1246 1277 Anacreon
1285 1235 1471 1277 Brunck.
1507 1236 1634 1278 Anal.

165 1302 244 1344 vol.
263 1317 298 1344 1.
320 1319 362 1360 p.
380 1317 398 1344 1
411 1306 474 1346 18.
490 1303 614 1357 Ἀρης
634 1303 703 1344 οὐκ
723 1305 884 1357 ἀγαθῶν
899 1305 1092 1358 φείδεται,
1110 1305 1219 1346 ἀλλὰ
1235 1308 1377 1346 κακῶν.
1400 1305 1636 1348 BLOMF.

221 1384 323 1424 414.
346 1372 498 1427 κύβοις]
524 1370 676 1427 Eurip.
700 1371 853 1428 Suppl.
874 1384 973 1427 330.
991 1372 1100 1413 ἄλλα
1117 1370 1290 1424 βλήματ’
1314 1373 1360 1414 ἐν
1390 1374 1527 1425 κύβοις
1555 1378 1633 1425 βα-

164 1444 267 1481 λεῖν.
298 1454 351 1481 sc.
377 1438 533 1492 Ἀρεος.
582 1438 712 1481 Stanl.
737 1439 897 1481 confert
923 1439 1056 1480 Rhes.
1088 1440 1179 1495 183.
1200 1439 1340 1494 Ψυχὴν
1359 1439 1634 1494 προβάλλοντ’

165 1509 212 1549 ἐν
246 1508 404 1560 κύβοισι
434 1509 631 1560 δαίμονος.
683 1507 926 1563 Adjiciatur
962 1507 1151 1565 ejusdem
1185 1507 1342 1550 fabulae
1377 1524 1416 1550 v,
1446 1520 1546 1565 447.
1581 1509 1635 1552 ab

166 1575 488 1618 Hemsterhusio
520 1586 745 1627 correctus,
773 1575 944 1620 Ῥίπτεις
978 1576 1156 1628 κυβεύων
1194 1576 1265 1618 τὸν
1294 1576 1390 1630 πρὸς
1427 1575 1636 1632 Ἀργείους

158 1642 301 1699 Ἀρην.
331 1645 456 1687 Conf.
477 1644 736 1688 Valckenaer.
756 1645 811 1686 ad
833 1643 1037 1686 Phoeniss.
1059 1656 1180 1699 1235.
1214 1645 1448 1686 BLOMF.

222 1724 322 1768 415.
350 1715 452 1766 Δίκη
471 1713 502 1755 δ’
525 1715 703 1767 ὁμαίμων
726 1714 849 1767 κάρτα
869 1730 932 1755 νιν
949 1712 1499 1766 προστέλλεται-πολέμων
1519 1714 1630 1770 δόρυ]

163 1782 250 1823 Jus
280 1796 378 1823 vero
405 1782 672 1838 cog-nationis
702 1796 796 1823 eum
820 1782 1103 1838 potissimum,
1139 1795 1172 1821 s.
1202 1780 1482 1822 vehementius
1508 1796 1635 1838 quam

163 1850 271 1891 alios
289 1850 480 1906 impellit,
502 1855 550 1891 ut
569 1864 597 1890 a
617 1855 764 1899 matre,
786 1864 879 1906 quoe
898 1864 992 1891 eum·
1007 1850 1190 1906 peperit,
1212 1848 1395 1891 hostium
1423 1850 1505 1891 tela
1526 1865 1634 1907 pro-

156 1919 312 1974 pulset.
343 1919 428 1971 δίκη
449 1919 640 1971 ὁμαίμων,
670 1933 749 1972 pro
762 1920 873 1975 jure
888 1919 1277 1975 emwanguinitatis
1307 1933 1338 1958 s.
1365 1919 1635 1975 cognationis

165 1984 325 2026 dictum
352 1984 554 2042 significat
584 1985 737 2041 pietate
765 1985 808 2026 in
838 1985 1014 2042 patriam
1045 1984 1221 2041 obligari
1252 1985 1564 2042 Melanippum,
1586 1995 1635 2029 ut

166 2068 244 2110 pro
272 2068 322 2094 ea
350 2053 484 2111 proelii
516 2053 747 2111 periculum
778 2054 990 2111 suscipiat,
1017 2053 1146 2110 idque
1173 2053 1271 2095 belli
1298 2069 1432 2110 genus
1452 2054 1635 2111 justissi-

166 2137 281 2163 mum
302 2137 401 2164 esse.
434 2123 569 2164 SCH.
630 2122 874 2175 Scholiasta,
894 2122 938 2164 τὸ
958 2125 1026 2174 τῆς
1046 2123 1282 2176 συγγενείας
1302 2122 1454 2165 δίκαιον
1470 2122 1635 2165 στέλλει

165 2190 287 2232 αὐτὸν
307 2192 363 2234 εἷς
380 2190 452 2242 τὴν
469 2190 615 2245 μάχην.

224 2258 342 2313 Δίκη]
367 2259 453 2309 δίκῃ
471 2259 584 2301 A.B.
603 2257 756 2315 aliique
776 2257 963 2300 nonnulli
985 2268 1027 2300 et
1048 2259 1187 2300 Turn.

223 2327 401 2379 ὁμαίμων
422 2327 488 2367 Μ.
510 2326 664 2383 aliique
682 2327 872 2369 nonnulli
893 2337 934 2368 et
957 2327 1102 2384 Steph.
1139 2327 1338 2384 Plerique
1354 2327 1419 2369 vel
1441 2329 1462 2368 ὁ
1485 2328 1634 2379 δαίμων

165 2413 262 2440 cum
292 2398 396 2441 Ald.
425 2400 537 2442 Βοὴ.
572 2401 709 2441 Turn.
741 2400 807 2442 vel
835 2384 1027 2453 ὁραιμωυ.
1079 2401 1145 2442 Ad
1176 2403 1263 2458 δίκῃ
1292 2402 1323 2443 δ’
1357 2403 1379 2442 ὁ
1414 2402 1563 2453 δαίμων
1589 2401 1634 2443 in

170 2467 280 2507 A.B.
300 2465 357 2522 gl.
378 2466 632 2523 adscriptum
654 2470 809 2511 δικαίως
829 2470 850 2509 ὁ
866 2467 1002 2522 Ἀρης.

226 2533 519 2590 Melanippum
554 2544 651 2576 ante
686 2535 816 2577 Proeti
850 2546 1013 2592 portam
1046 2551 1141 2577 cum
1180 2536 1334 2592 Tydeo
1365 2551 1633 2592 congressum

169 2611 399 2643 memorant
417 2601 703 2658 Apollodorus
730 2617 764 2656 ι,
788 2604 826 2655 8,
850 2603 1079 2645 Pausanias
1110 2618 1151 2659 9,
1178 2605 1244 2654 18,
1271 2617 1308 2655 1,
1329 2613 1370 2645 et
1403 2604 1561 2646 Statius
1592 2606 1633 2656 8,

171 2668 268 2723 718.
327 2670 388 2710 Et
408 2669 696 2726 Apollodorus
725 2671 895 2728 quidem
927 2681 1067 2713 narrat
1098 2670 1299 2728 Tydeum
1329 2686 1356 2711 a
1386 2670 1635 2729 Melanippo

167 2735 210 2778 in
231 2746 374 2779 ventre
403 2752 643 2794 percussum
669 2754 781 2787 esse;
814 2739 888 2795 qui
908 2754 1040 2795 quum
1072 2737 1321 2780 semianimis
1344 2738 1517 2794 jaceret,
1539 2739 1637 2781 Pal-

168 2806 303 2848 ladem
337 2806 682 2849 medicamentum
714 2807 907 2863 precibus
936 2823 963 2849 a
988 2795 1112 2849 Jovex
1129 2808 1399 2864 impetratum
1431 2807 1636 2861 attulisse,

167 2890 255 2931 quo
283 2873 400 2916 illum
430 2874 583 2916 faceret
611 2874 910 2924 immortalem3
944 2875 1253 2932 Amphiaraum
1285 2889 1384 2916 vero
1418 2875 1510 2932 ejus
1539 2877 1637 2920 odio

166 2951 437 2992 commotum,
458 2952 506 2984 ut
525 2957 621 2984 eum
643 2941 962 2984 immortalitatis
980 2942 1092 2984 dono
1116 2942 1315 2999 privaret,
1335 2941 1522 2986 celeriter
1542 2945 1638 2987 Me·
1704 2990 1707 2994 ,

167 3009 325 3066 lanippi
360 3019 487 3067 caput
520 3025 546 3052 a
578 3025 621 3052 se
654 3009 879 3052 abscissum
915 3010 954 3052 ei
987 3010 1243 3068 praebuisse;
1287 3011 1403 3068 quod
1436 3012 1637 3070 Tydeum
