1898 3256
599 203 688 245 ΑΙ)
720 203 1200 245 PROMETHEUM.
1584 204 1640 245 73

171 323 307 369 potest
338 315 510 373 insignis
541 315 657 358 locus
686 314 841 372 Eurip.
865 313 1015 371 Suppl.
1039 327 1164 355 1110.
1186 327 1311 369 quem
1335 313 1410 354 viri
1432 313 1544 355 docti
1566 315 1641 355 mi-

168 397 248 424 nus
277 394 539 441 perspectum
571 384 822 426 habuerunt.
868 386 989 424 Μισῶ
1022 381 1053 423 δ’
1083 382 1173 422 ὅσοι
1205 379 1420 437 χρῄζουσιν
1450 382 1642 423 ἐκτείνειν

169 451 277 502 βίον,
299 455 492 506 Βρωτοῖσι
521 453 585 494 καὶ
604 455 761 494 ποτοῖσι
790 452 853 493 καὶ
870 451 1096 504 μαγεύμασι
1116 448 1466 502 Παρεκτρέποντες
1494 449 1641 504 ὀχετὸν

170 519 275 560 ὥστε
294 519 347 571 μὴ
368 523 520 562 θανεῖν.
572 519 810 562 Gatakerus
825 529 868 561 et
888 516 1172 560 Marklandus
1201 516 1347 572 legunt
1361 520 1520 558 ποτοῖσι
1538 535 1640 571 μαγ-
1668 525 1670 527 ’

170 589 392 639 γανεύμασι
410 603 462 629 ex
485 587 727 639 Plutarcho,
747 587 876 629 male:
909 590 1103 640 βρωτοῖσι
1123 584 1233 626 enim
1254 594 1296 626 et
1314 589 1472 626 ποτοῖσι
1487 600 1570 626 non
1587 586 1640 627 de

168 653 317 696 eduliis
332 655 543 706 dicuntur,
561 655 633 697 sed
648 670 744 697 cum
762 654 1049 696 subintellecta
1063 668 1162 695 voce
1178 651 1401 707 φαρμάκοις
1421 653 1638 695 sumenda.

171 722 326 764 Sensus
345 733 408 765 est
429 728 455 748 “
472 723 555 774 Qui
574 738 650 779 per
668 723 967 764 medicamenta
991 720 1153 763 edenda
1178 730 1219 762 et
1245 720 1443 777 potanda,
1467 720 1534 761 vel
1564 736 1640 777 per

168 790 350 831 carmina
379 791 540 847 magica
568 800 742 832 mortem
778 790 945 832 differre
976 789 1175 831 tentant.”
1222 789 1353 830 Vetus
1391 788 1511 830 lectio
1542 789 1640 831 satis

167 857 359 899 firmatur
377 874 428 900 ex
451 860 588 900 Orest.
615 859 738 914 1508.
764 857 886 900 Ἤτοι
916 856 1196 912 φαρμάκοισιν,
1219 855 1282 898 *H
1311 855 1451 911 μάγων
1480 856 1639 912 τέχναι-

168 941 250 966 σιν.
300 926 457 968 Medea
490 941 564 983 per
601 927 835 980 μαγεύματα
866 927 1027 967 AEsona
1065 924 1290 966 renovavit.
1342 925 1550 981 Hippocr.
1588 927 1639 967 de

170 993 328 1035 Morbo
350 995 477 1036 Sacro
497 1011 541 1052 p.
561 1006 660 1050 345.
682 994 746 1036 ed.
771 993 966 1036 Vanderl.
997 994 1109 1037 οὗτος
1139 993 1203 1034 καὶ
1230 994 1375 1044 ταύτην
1399 992 1470 1044 τὴν
1492 996 1640 1036 νοῦσον

170 1062 262 1116 ι’ᾥτο
292 1061 355 1110 ἂν,
385 1064 420 1104 εἰ
445 1063 534 1106 τοὺς
564 1063 718 1116 καιροὺς
748 1062 1001 1115 διαγινώσκει
1028 1065 1107 1102 τῶν
1135 1062 1429 1114 ξυμφερόντων,
1452 1062 1548 1104 ἄνευ
1573 1080 1640 1103 κα-

170 1128 379 1181 θαρμάτων
398 1131 461 1171 καὶ
482 1130 758 1184 μαγευμάτων,
779 1130 843 1171 καὶ
871 1128 1002 1181 πάσης
1031 1129 1159 1180 ἄλλης
1188 1129 1412 1180 βαναυσίης
1443 1130 1636 1182 τοιαύτης.

170 1196 238 1237 Cf.
258 1196 380 1238 etiam
404 1198 582 1239 Lucian.
605 1197 797 1239 Macrob.
820 1211 864 1250 4,
893 1210 957 1238 10.
980 1196 1104 1237 Misc.
1129 1195 1234 1237 Obs.
1258 1210 1323 1246 10,
1344 1212 1385 1253 p.
1408 1199 1507 1249 426.
1531 1199 1637 1239 Lex.

170 1265 270 1306 MS.
291 1280 362 1321 ap.
385 1265 496 1308 Bibl.
519 1265 691 1307 Coislin.
723 1281 762 1322 p.
787 1267 882 1320 236.
905 1273 946 1306 et
969 1264 1087 1306 Suid.
1122 1280 1161 1305 V.
1185 1266 1361 1317 Μαγεία.
1416 1265 1534 1306 Nihil
1564 1266 1638 1307 ho-

167 1347 261 1373 rum
292 1332 409 1374 dedit
444 1334 505 1375 H.
537 1333 682 1390 Steph.
712 1334 753 1375 in
787 1332 1045 1375 Dictionario
1078 1332 1268 1374 Medico.
1330 1333 1463 1374 Recte
1498 1344 1639 1375 monet

169 1399 378 1442 Stanleius
401 1402 540 1444 πιστός
565 1401 619 1442 ab
648 1401 823 1458 antiquo
851 1401 927 1442 πίω
954 1401 1180 1442 formatum
1209 1415 1310 1441 esse.
1356 1401 1555 1443 Eustath.
1583 1402 1638 1443 ad

169 1467 292 1509 Iliad.
326 1472 380 1510 Π.
414 1483 456 1525 p.
485 1482 610 1524 1050,
631 1469 702 1522 48.
731 1471 752 1510 ὁ
782 1469 919 1522 μέντοι
948 1468 1102 1516 πιστὸς,
1136 1468 1260 1522 ἤγουν
1290 1469 1424 1517 ποτὸς,
1459 1471 1639 1512 τούτεστι

167 1537 392 1588 πινόμενος,
414 1538 513 1578 κατὰ
538 1536 597 1583 τὸ,
625 1539 770 1591 χριστᾶ
796 1537 861 1578 καὶ
886 1539 1009 1578 πιστὰ
1035 1537 1236 1591 φάρμακα,
1260 1538 1304 1579 ἐκ
1334 1541 1403 1578 τοῦ
1430 1539 1506 1579 πίω
1533 1540 1638 1579 πίσω

167 1606 373 1657 παρῆκται.
434 1605 502 1645 De
531 1604 611 1646 hoc
639 1604 812 1660 antiquo
832 1605 958 1646 verbo
978 1604 1093 1646 locus
1112 1616 1174 1647 est
1194 1605 1442 1662 Etymologi
1474 1622 1515 1663 p.
1539 1608 1636 1662 673,

173 1673 240 1713 18.
261 1687 385 1729 quem
406 1673 615 1728 integrum
637 1673 869 1714 exscribere
886 1689 966 1715 non
983 1673 1202 1730 gravabor.
1234 1675 1342 1726 παρὰ
1363 1673 1408 1714 τὸ
1425 1674 1500 1714 πίω
1516 1675 1635 1721 πίσω,

168 1741 221 1784 ὡς
239 1742 322 1782 λύω
342 1742 466 1782 λύσω.
500 1742 543 1782 ἐκ
563 1742 702 1783 τούτου
720 1742 932 1794 ῥηματικὸν
952 1743 1078 1793 ὄνομα
1104 1745 1222 1784 πῖσος
1253 1741 1316 1782 καὶ
1335 1742 1472 1782 πίσεα.
1503 1742 1572 1782 τὸν
1594 1743 1637 1782 δὲ

168 1809 270 1849 πίσω
290 1807 495 1860 μέλλοντα
514 1810 536 1849 ὁ
556 1808 736 1862 τεχνικὸς
761 1809 814 1860 μὴ
836 1811 1022 1862 εὑρῆσθαι
1051 1808 1165 1861 φησὶ,
1189 1808 1252 1849 καὶ
1271 1811 1406 1856 ταῦτα,
1432 1809 1637 1862 εἰρημένου

167 1877 287 1917 αὐτοῦ
305 1878 412 1929 παρὰ
427 1876 626 1931 Πινδάρῳ,
648 1877 746 1924 οἷον,
770 1877 886 1917 Πίσω
906 1893 953 1929 γε
974 1877 1120 1928 Δίρκης
1139 1877 1253 1929 ὕδωρ.
1291 1878 1355 1918 καὶ
1374 1879 1482 1930 παρὰ
1503 1879 1634 1919 Εὐπό-

167 1947 248 1986 λιδι
266 1947 332 2000 Τῷ
353 1943 384 1985 δ’
406 1943 457 1985 ἂν
475 1944 582 1987 οἶνος
603 1945 662 1995 εἴη
685 1944 823 1991 πολὺς,
845 1945 964 1985 πίσει.
1026 1943 1141 1985 Hinc
1170 1945 1318 1998 πίστρα
1346 1960 1424 2001 pro
1445 1947 1637 1998 πότιστρα

167 2012 271 2053 ibid.
295 2024 361 2066 27.
394 2012 581 2069 Hesych.
606 2012 724 2054 Suid.
752 2012 907 2068 Eurip.
931 2011 1048 2069 Cycl.
1073 2024 1139 2067 29.
1171 2012 1370 2066 πιστήρια,
1401 2014 1635 2067 ποτιστήρια

169 2079 348 2121 Photius
369 2081 477 2121 Lex.
499 2081 596 2121 MS.
659 2079 774 2122 Hinc
794 2082 939 2132 πισμός
958 2090 998 2121 et
1020 2081 1175 2133 πιστὴρ,
1198 2082 1332 2132 ληνός,
1354 2081 1468 2137 apud
1493 2083 1633 2139 Hesy-

167 2147 332 2198 chium;
366 2147 559 2199 ἐμπισθέν
578 2148 758 2189 Nicand.
780 2148 909 2189 Ther.
928 2149 1026 2200 624.
1060 2149 1294 2190 BLOMF.

222 2216 320 2269 480.
353 2218 442 2258 οὔτε
473 2217 618 2258 πιστὸν
648 2216 936 2266 ΒΙοῐηΗθΙάιιε,
966 2233 1018 2258 ex
1053 2219 1148 2267 Ar„
1183 2228 1230 2259 ut
1266 2218 1444 2259 videtur.
1498 2219 1636 2274 Vulgo

168 2283 258 2324 οὐδὲ
277 2286 433 2325 πιστόν.
495 2286 597 2325 Duo
612 2284 773 2326 codices
794 2286 839 2327 οὐ
858 2285 1015 2333 πιστὸν,
1039 2285 1211 2327 totidem
1233 2287 1279 2327 οὐ
1299 2289 1501 2327 ποτιστόν.

222 2351 303 2404 48ῐ
313 2384 322 2393 .
336 2352 444 2406 πρὶν]
464 2351 737 2393 Scribe-ndum
751 2354 844 2406 πρίν
856 2352 892 2406 γ’
906 2369 955 2394 ex
971 2354 1038 2394 M.
1052 2353 1226 2410 aliisque
1239 2354 1450 2395 nonnullis
1465 2365 1502 2395 et
1520 2356 1630 2396 Rob.

222 2419 320 2470 482.
343 2419 591 2474 ἀκεσμάτων]
614 2420 871 2472 κερασμάτων
891 2421 1214 2477 superscriptum
1237 2422 1277 2462 in
1301 2423 1350 2462 B.

222 2487 320 2541 483.
354 2487 626 2541 ἐξαμύνονται]
659 2488 935 2539 ἐξαμείβονται
964 2488 1123 2544 aliquot
1149 2489 1270 2530 codd.
1302 2500 1343 2530 et
1368 2488 1465 2530 Ald.
1518 2493 1544 2513 “
1562 2490 1629 2530 De

166 2553 370 2595 medicina
403 2553 565 2595 Plinius
600 2556 662 2596 H.
690 2556 747 2596 N.
781 2565 820 2608 7,
851 2557 944 2610 56.:
977 2557 1238 2597 Medici-nam
1271 2558 1479 2613 AEggyptii
1514 2558 1632 2612 apud

166 2623 279 2677 ipsos
300 2620 446 2662 volunt
464 2628 687 2677 repertam,
707 2623 784 2663 aliz·
798 2637 880 2679 per
901 2624 1089 2664 Arabum
1109 2624 1341 2679 Babyloni-9
1359 2631 1398 2665 et
1418 2625 1629 2680 Apoll-inis

151 2689 300 2744 filium
313 2705 327 2734 ,·
359 2688 596 2729 herbariam
627 2695 666 2730 et
695 2690 1104 2732 medicamentariam·
1123 2706 1151 2731 a
1174 2691 1356 2733 Chirone
1376 2692 1559 2734 Saturni
1589 2700 1628 2734 et

166 2755 491 2812 Phylli-rcefilzb.
533 2756 606 2797 Ad
627 2757 764 2814 ipsum
785 2757 1024 2812 Apollinem
1048 2759 1232 2800 referunt
1252 2758 1335 2799 alii.
1382 2759 1622 2802 Callimach.

165 2823 310 2879 hymn.
335 2836 375 2873 2,
391 2837 460 2878 45.
477 2839 486 2864 1
520 2825 563 2865 ἐκ
584 2824 628 2865 δέ
648 2841 693 2866 νυ
714 2826 868 2877 Φοίβου
887 2825 1030 2878 Ἰητροὶ
1050 2825 1237 2868 δεδάασιν
1257 2826 1486 2879 ἀνάβλησιν
1506 2829 1624 2869 θανά-

165 2907 262 2932 τοιο.
309 2890 433 2932 Ovid.
471 2891 646 2933 Metam.
675 2905 712 2941 1,
737 2904 838 2946 521.
869 2893 1093 2934 Inventum
1127 2894 1333 2936 medicina
1368 2909 1500 2936 meum
1535 2903 1621 2944 est,-

883 2975 908 3000 ι(
