1898 3256
589 231 678 281 AD
710 238 1188 280 PROMETHEUM.
1540 238 1618 278 121

219 340 343 407 1045.
376 351 689 392 Monometrum
721 349 788 391 hic
816 359 858 390 et
887 347 1030 405 paullo
1057 358 1151 405 post
1182 347 1273 389 feci.
1328 346 1466 403 Vulgo
1486 356 1621 389 totum

157 430 336 476 systema
355 419 397 460 in
418 418 615 460 dimetros
634 417 902 474 descriptum.

219 500 341 541 1049.
363 487 624 541 ξυγχώσειεν]
643 486 893 540 συγχώσειεν
913 486 980 525 Μ.
1013 485 1238 537 συγχώσειε
1256 484 1394 524 Turn.
1426 483 1622 524 Aliorum

158 553 357 595 librorum
388 553 633 610 corruptelae
664 563 761 594 sunt
782 551 996 606 συγχώσει’
1019 553 1101 604 ἐμὲ,
1124 552 1376 605 συγχώσειεν
1404 553 1487 603 ἐμὲ,
1508 551 1624 608 quod

153 633 214 663 est
236 621 276 662 in
300 621 419 671 Ald.,
439 623 642 675 συγχώσει
664 623 749 673 ἐμὲ,
773 623 975 675 συγχώσει
994 637 1058 672 με,
1079 619 1194 675 quod
1224 619 1351 660 habet
1373 619 1501 670 Rob.,
1524 637 1623 673 συγ-

155 690 302 744 χώσειέ
321 707 386 742 με.

216 760 338 812 1057.
369 758 393 808 ἡ
423 761 537 798 τοῦδε
566 757 680 812 τύχη]
703 759 738 798 εἰ
767 756 869 798 τοῦδ’
893 757 1035 810 εὐτυχῆ
1060 756 1127 796 Μ.
1183 754 1269 796 Alii
1292 754 1462 811 plurimi
1485 756 1520 795 εἰ
1540 754 1624 794 τάδ’

156 825 310 879 εὐτυχῆ,
333 825 448 880 quod
467 824 508 865 in
530 824 715 880 margine
737 825 804 864 M.
826 839 973 865 manus
992 824 1195 866 recentior
1220 822 1464 878 adscripsit:
1496 833 1538 862 et
1568 821 1625 862 sic

155 891 257 932 Ald.
282 892 392 934 Rob.
449 892 580 933 Pauci
602 891 763 933 codices
785 894 820 933 εἰ
839 893 882 933 δὲ
902 892 982 933 τάδ’
1005 892 1160 945 εὐτυχῆ,
1180 906 1289 931 unus
1309 889 1465 930 alterve
1487 888 1571 929 εἶτα
1591 887 1622 928 δ’

155 960 309 1013 εὐτυχῆ,
340 961 375 1000 εἶ
403 959 485 1000 τάδ’
518 961 655 1014 ἀτυχῆ,
689 962 724 1001 εἰ
754 958 786 1000 δ’
816 960 985 1014 εὐτυχεῖ.
1024 961 1059 1000 εἷ
1086 958 1117 1000 δ’
1145 959 1288 1012 εὐτυχῆ
1319 958 1455 998 Turn.
1518 957 1625 1006 Quae

154 1026 306 1083 ineptae
337 1036 434 1068 sunt
463 1027 703 1084 depravatae
734 1028 951 1084 scripturae
975 1030 1011 1069 εἶ
1037 1026 1138 1068 τοῦδ’
1168 1027 1310 1080 εὐτυχῆ
1336 1024 1622 1066 correctiones.

156 1094 336 1136 Restitui
358 1096 382 1146 ἡ
402 1098 516 1137 τοῦδε
535 1096 646 1149 τύχη.
708 1097 819 1136 Nam
851 1099 964 1136 τοῦδε
994 1104 1214 1151 propterea
1244 1102 1305 1134 est
1335 1092 1623 1139 necessarium,

154 1161 254 1217 quia
282 1162 336 1203 ab
356 1163 559 1204 sententia
579 1163 804 1213 communi,
826 1178 924 1219 quae
948 1161 1283 1219 praecedentibus
1313 1160 1500 1202 versibus
1530 1174 1626 1200 con-

156 1229 325 1280 tinetur,
346 1230 399 1271 ad
421 1230 660 1272 Promethei
680 1231 907 1281 fortunam,
929 1230 995 1272 cui
1018 1228 1119 1270 nihil
1146 1229 1200 1270 ad
1234 1228 1381 1270 mentis
1410 1227 1623 1270 alienatio—

156 1311 247 1338 nem
270 1297 409 1338 deesse
428 1298 503 1348 ait‚
524 1297 752 1339 orationem
773 1297 954 1338 deflectit
978 1295 1232 1337 Mercurius.

218 1366 339 1420 1058.
360 1365 396 1419 γ’
419 1366 475 1421 αἱ]
496 1383 545 1419 γε
568 1367 631 1406 Μ.
654 1365 807 1422 aliique
827 1380 922 1407 cum
944 1364 1050 1406 Ald.
1075 1364 1187 1405 Rob.

218 1442 336 1487 1059.
358 1437 471 1486 ξυγκ-
492 1434 718 1474 Porsonus.
751 1450 870 1486 σ-υγκ-
893 1431 1003 1472 libri.

219 1501 341 1541 1060.
361 1500 452 1555 που]
474 1499 751 1541 scribendum
770 1517 839 1541 ποι
858 1514 955 1541 cum
976 1501 1006 1540 J
1010 1499 1141 1540 acobo
1163 1498 1302 1539 Tatio.

218 1569 340 1608 1061.
362 1568 490 1621 ὑμῶν]
511 1570 604 1621 ὑμῖν
625 1568 765 1610 Viteb.

219 1635 338 1675 1068.
359 1636 552 1688 προδότας
570 1636 664 1691 γὰρ]
683 1638 761 1689 γὰρ
781 1637 975 1688 προδότας
996 1635 1190 1676 Bothius.
1252 1636 1348 1685 Quo
1368 1650 1451 1676 non
1472 1651 1591 1692 opuS.

219 1712 340 1755 1071.
361 1703 445 1755 ἁγὼ
467 1703 689 1744 Porsonus.
732 1702 852 1744 Libri
874 1701 937 1743 vel
959 1701 1040 1743 ἄττ’
1063 1702 1155 1754 ἐγὼ,
1176 1699 1291 1756 quod
1312 1711 1373 1742 est
1393 1701 1435 1741 in
1459 1702 1542 1753 M.,
1559 1701 1623 1743 vel

158 1769 214 1811 ἅτ’
237 1771 329 1823 ἐγώ.
360 1770 458 1811 ἅττα
479 1771 556 1823 ἐγὼ
578 1770 688 1812 Rob.

220 1850 338 1891 1074.
361 1837 474 1892 ὑμᾶς]
494 1838 593 1889 ἡμᾶς
612 1837 735 1879 codd.
762 1837 962 1879 nonnulli.

221 1914 343 1960 1075.
377 1905 691 1946 Monometrum
714 1906 780 1948 hic
799 1916 838 1947 et
859 1906 968 1947 infra
992 1905 1165 1947 restitui.
1221 1904 1357 1960 Vulgo
1378 1904 1466 1946 haec
1485 1904 1624 1946 omnia

159 1972 201 2013 in
222 1971 420 2012 dimetros
440 1971 657 2029 descripta.

222 2049 343 2094 1077.
365 2041 473 2096 κούκ]
494 2041 564 2082 οὐκ
584 2041 742 2097 aliquot
761 2040 882 2082 codd.
906 2051 947 2082 et
967 2041 1070 2082 Ald.
1104 2042 1167 2082 καὶ
1188 2041 1257 2081 οὐκ
1278 2041 1344 2081 Μ.
1367 2041 1477 2082 Rob.

222 2114 342 2165 1078.
365 2113 603 2170 ἀπέραντον]
623 2106 821 2167 ἀπέραῗπον
842 2115 910 2155 Μ.
933 2132 955 2156 ν
973 2114 1027 2156 ab
1046 2114 1126 2155 alia
1145 2128 1272 2155 manu
1292 2113 1515 2170 adscripto.

221 2182 342 2222 1080.
362 2182 486 2237 μύθῳ]
506 2182 723 2237 λόγῳ-(1110
742 2181 863 2223 codd.

221 2249 340 2291 1082.
362 2249 592 2305 AEschylus
616 2250 845 2307 respexisse
863 2250 1030 2292 videtur
1051 2249 1303 2299 Hesiodum,
1327 2250 1359 2290 si
1386 2250 1512 2291 modo
1531 2251 1623 2307 ejus

158 2316 240 2358 sint
259 2331 402 2357 versus
430 2316 484 2358 de
504 2317 838 2368 Titanomachia,
862 2317 1080 2373 Theogon.
1105 2319 1201 2371 706.
1230 2317 1305 2359 σὺν
1325 2317 1357 2359 δ’
1379 2318 1517 2370 ἄνεμοι
1538 2319 1639 2375 ἔνο-1

159 2385 228 2425 σίν
257 2401 299 2425 τε
328 2385 437 2426 κόνιν
471 2383 504 2425 θ’
536 2384 615 2436 ἅμα
645 2384 925 2438 ἐσφαράγιζον,
955 2384 1131 2438 Βροντήν
1154 2402 1212 2435 τε,
1246 2385 1443 2438 στεροπήν
1469 2404 1526 2434 τε,
1560 2388 1623 2429 καὶ

157 2452 397 2492 αἰθαλόεντα
428 2451 629 2504 κεραυνὸν,
653 2455 767 2503 Κῆλα
788 2453 885 2496 Διὸς
913 2452 1117 2506 μεγάλοιο.
1168 2453 1299 2509 Digni
1316 2462 1413 2494 sunt
1435 2454 1507 2509 qui
1526 2469 1622 2495 con-

156 2518 345 2559 ferantur
372 2517 546 2559 Pacuvii
577 2533 718 2560 versus
748 2519 943 2561 trochaici
973 2520 1087 2576 apud
1113 2521 1248 2562 Cicer.
1272 2521 1324 2561 de
1342 2522 1460 2563 Orat.
1483 2535 1528 2576 3,
1549 2535 1619 2576 39.

159 2586 408 2627 inhorrescit
437 2600 567 2636 mare,
596 2587 795 2628 Tenebrae
823 2587 1186 2644 conduplicantur‚
1207 2590 1418 2646 noctisque
1444 2596 1483 2630 et
1508 2591 1621 2630 nim-

158 2652 254 2693 bum
287 2658 457 2694 occaecat
491 2654 672 2710 nigror,-
705 2655 903 2695 Flamma
934 2656 1046 2696 inter
1078 2656 1208 2697 rzzcbes
1239 2663 1443 2706 coruscat,
1475 2659 1622 2698 coelum

158 2721 319 2761 tonitru
337 2722 566 2771 contremit,
594 2722 767 2763 Grande
787 2723 914 2763 mista
934 2724 1060 2764 imbri
1080 2724 1284 2780 largifluo
1302 2725 1444 2765 subita
1468 2728 1622 2781 proeci-

156 2788 300 2842 picam
327 2787 466 2828 cadit.-
503 2788 696 2845 Undique
723 2803 864 2831 omnes
891 2792 1004 2832 venti
1035 2798 1277 2846 erumpunt,
1304 2793 1409 2834 soevi
1437 2794 1624 2836 exi-stunt

158 2854 346 2896 turbines
359 2869 374 2895 .·
404 2855 557 2896 Fervit
576 2861 679 2897 aestu
695 2857 893 2913 pelagus.
925 2857 1157 2900 BLOMF.

221 2922 344 2977 1085.
379 2922 503 2978 κόνιν]
536 2922 749 2966 Bentleius
769 2924 943 2966 Dissert.
965 2924 1018 2966 de
1046 2925 1256 2968 Phalarid.
1278 2943 1323 2984 p.
1349 2942 1441 2984 135.
1465 2929 1625 2986 primus

878 3008 904 3036 Q
