1898 3256
690 222 782 264 AD
813 220 1064 265 PERSAS.
1528 220 1613 262 301

209 336 304 378 821.
327 335 630 390 &fiper—Obpos]
654 335 887 378 insolentia
915 335 1029 376 enim
1057 331 1313 389 efflorescens
1340 332 1502 388 spicam
1529 345 1616 373 sce-

148 403 381 460 lerisfirre
400 404 515 454 solet,
534 403 646 444 unde
664 403 783 444 homo
801 403 1078 458 lacrymosam
1097 413 1267 441 messem
1288 399 1418 441 metit.
1453 399 1588 442 SCH.

208 472 304 513 822.
333 472 456 526 ἐξαμᾷ
478 470 607 526 θέρος]
630 472 787 527 Agam.
807 471 930 512 1660.
953 470 1062 510 ἀλλὰ
1082 468 1145 509 καὶ
1164 466 1247 508 τάδ’
1269 468 1463 519 ἐξαμῆσαι
1482 468 1619 510 πολλὰ

148 540 343 591 δύστηνον
372 539 499 593 θέρος.
532 539 686 596 Eurip.
711 553 778 595 ap.
805 538 920 580 Stob.
942 553 983 594 p.
1007 547 1074 591 71.
1096 547 1195 592 377.
1225 536 1299 590 βίᾳ.
1328 551 1400 576 νυν
1430 534 1555 576 ἕλκετ’
1587 533 1618 576 ὦ

150 605 260 646 κακοὶ
280 607 393 658 τιμὰς
412 608 566 660 βροτοὶ,
589 606 667 648 Καὶ
688 609 836 648 κτᾶσθε
854 609 1030 647 πλοῦτον
1048 603 1262 653 πάντοθεν,
1279 603 1496 655 θηρώμενοι
1515 603 1617 654 Σύμ-

147 689 278 726 μικτα,
299 674 351 726 μὴ
372 675 500 717 δίκαια
527 675 592 718 καὶ
621 673 732 716 δίκαι’
764 676 874 727 ὁμοῦ.
899 672 1053 715 Ἔπειτ’
1085 674 1241 726 ἇμᾶσθε
1271 674 1394 712 τῶνδε
1424 671 1618 723 δύστηνον

148 740 273 795 θέρος.
298 742 448 785 Bacch.
466 756 589 799 1314.
611 742 788 795 ἐξήμησα
808 742 1028 784 κάλλιστον
1050 741 1174 795 θέρος.
1208 739 1439 782 BLOMF.

207 811 303 865 827.
338 813 615 867 ὑπερκόμπων]
652 810 927 852 Scribendum
962 811 1195 863 ὑπερκόπων
1223 824 1319 851 cum
1352 808 1616 851 Blomfieldo.

148 882 175 902 “
200 878 397 935 Suspicor
434 888 573 921 autem
614 879 866 936 AEschylum
906 878 1068 920 dedisse
1109 882 1186 919 τῶν
1226 878 1331 931 ἄγαν
1370 878 1614 930 ὑπερκόπων,

146 961 272 1002 quem
292 947 513 989 verborum
534 947 721 989 ordinem
744 946 936 998 mutavit,
958 956 1005 987 ut
1025 946 1187 1003 opinor,
1207 945 1400 988 librarius
1427 945 1615 1002 quidam,

147 1013 220 1069 qui
250 1013 293 1054 in
324 1029 400 1056 suo
428 1014 664 1071 exemplare
691 1014 905 1056 invenerat
934 1018 1013 1056 τῶν
1033 1014 1136 1067 ἄγαν
1157 1014 1430 1066 ὑπερκόμπων.
1461 1012 1614 1069 Eurip.

147 1081 318 1124 Heracl.
339 1083 437 1138 388.
469 1084 578 1125 ἀλλὰ
607 1087 685 1124 τῶν
715 1082 976 1136 φρονημάτων
1001 1080 1054 1123 Ὁ
1077 1081 1176 1124 Ζεὺς
1197 1081 1394 1132 κολαστὴς
1413 1084 1492 1122 τῶν
1512 1081 1615 1134 ἄγαν

146 1151 443 1204 ὑπερφρόνων.”
474 1152 706 1193 BLOMF.

205 1220 303 1261 828.
328 1219 510 1276 ἔπεστιν]
535 1220 689 1262 ἔπεισιν
710 1219 910 1261 Valcken.
932 1219 987 1260 ad
1007 1218 1161 1275 Eurip.
1184 1218 1390 1259 Phoeniss.
1412 1230 1506 1273 192.

205 1287 303 1343 829.
331 1288 580 1344 κεχρημένοι]
607 1306 671 1342 γρ.
694 1287 922 1341 κεκτημένοι
942 1289 995 1329 Β.
1058 1286 1333 1328 Scribendum
1356 1285 1612 1341 κεχρημένον,

145 1370 271 1412 quam
302 1355 517 1398 lectionem
547 1365 749 1398 memorat
774 1356 1008 1407 scholiasta,
1028 1364 1137 1397 recte
1156 1354 1453 1411 interpretatus
1474 1355 1616 1408 χρείαν

148 1425 294 1479 ἔχοντα
314 1425 377 1466 καὶ
397 1425 507 1476 ἄξιον
527 1427 624 1467 ὄντα
644 1430 881 1479 σωφρονεῖν.

205 1493 300 1547 831.
321 1493 570 1549 ὑπερκόμπῳ]
594 1493 868 1535 Scribendum
888 1493 1095 1547 ὑπερκόπῳ
1115 1506 1209 1533 cum
1236 1489 1497 1532 Blomfieldo.

206 1561 301 1616 832.
324 1560 355 1602 δ’
376 1560 427 1618 ὦ]
448 1560 479 1602 δ’
502 1562 550 1603 αὖ
570 1561 677 1603 Ald.
701 1562 837 1602 Turn.

205 1629 303 1684 834.
333 1628 483 1684 πάντα]
511 1647 576 1683 γρ.
603 1632 734 1671 παντᾶ
765 1631 815 1671 Β.
846 1629 973 1680 πάντη
996 1629 1193 1670 Cantabr.
1216 1643 1294 1668 sec.
1318 1628 1474 1677 Turn„
1497 1626 1614 1682 quod

147 1696 471 1754 superscriptum
492 1696 665 1754 vulgato
684 1697 725 1738 in
749 1697 948 1738 Cantabr.
971 1696 1118 1752 primo.
1149 1695 1281 1737 πάντα
1308 1695 1406 1749 μέρη
1437 1693 1610 1746 ἐσθημά-

144 1781 222 1806 των
255 1764 551 1822 interpretatur
587 1765 816 1814 scholiasta,
857 1780 933 1820 pro
973 1766 1071 1806 κατὰ
1105 1764 1235 1806 πάντα
1268 1763 1428 1805 dictum
1463 1761 1612 1818 accipit

147 1832 369 1874 Heathius.
432 1834 642 1875 Neutrum
682 1832 771 1874 fieri
815 1841 964 1889 potest.
1027 1831 1302 1873 Scribendum
1352 1831 1470 1872 παντὶ
1515 1844 1610 1873 oum

145 1901 341 1951 Cantero,
363 1912 404 1943 et
424 1900 478 1942 ad
499 1902 651 1953 σώματι
670 1900 947 1942 referendum.

203 1969 300 2024 837.
322 1968 537 2024 εὐφρόνως]
561 1969 766 2022 εὐφρόνοις
785 1967 944 2025 aliquot
964 1967 1087 2010 codd.

203 2037 304 2090 840.
325 2036 532 2092 πρέσβεις]
559 2037 738 2090 πρεσβὺς
759 2037 958 2078 Cantabr.
977 2036 1138 2093 primus
1160 2045 1201 2077 et
1226 2035 1323 2079 Ald.

203 2105 300 2158 841.
341 2105 479 2159 ψυχὴν
514 2106 686 2148 διδόντες
721 2104 862 2160 ἡδονῇ]
899 2109 924 2129 “
945 2107 1059 2160 ψ-υχῇ
1091 2105 1263 2148 διδόντες
1296 2104 1441 2156 ἡδονὴν
1473 2104 1609 2146 Turn.

147 2171 292 2229 Steph.
317 2172 449 2215 MSS.
478 2172 520 2214 ni
547 2172 683 2224 fallor,
710 2172 901 2214 universi.
933 2173 1071 2227 ψυχὴν
1091 2171 1193 2213 Ald.
1222 2171 1334 2213 Rob.
1368 2171 1478 2213 unde
1499 2173 1612 2213 Pau-

147 2239 248 2282 wius
265 2240 440 2297 conjecit
458 2241 596 2296 Ψυχὴν
617 2242 789 2285 διδόντες
807 2242 940 2298 ἡδονῇ,
963 2241 1077 2298 quod
1097 2241 1139 2282 in
1162 2250 1324 2282 textum
1344 2239 1484 2282 intulit
1507 2241 1612 2281 Por-

144 2324 283 2360 sonus,
305 2309 409 2351 citra
435 2309 727 2351 necessitatem.
792 2309 1020 2351 Scholiasta
1049 2309 1206 2366 legerat
1235 2309 1375 2365 ψυχῇε
1406 2307 1610 2364 interpre-

143 2385 258 2419 tatur
277 2377 402 2428 enim,
425 2377 524 2418 satis
543 2376 712 2432 quidem
735 2376 929 2428 absurde,
950 2380 1063 2430 Ψυχῇ
1092 2378 1264 2419 διδόντες
1291 2376 1448 2428 ἡδονὴν,
1470 2376 1608 2428 ἤγουν,

144 2445 305 2488 θύοντες
325 2445 422 2497 ἐμοί.
456 2443 617 2485 Pauwii
637 2443 929 2484 correctionem
951 2443 1214 2499 aliquatenus
1234 2444 1398 2484 firmare
1420 2443 1611 2484 videatur

143 2511 295 2569 Eurip.
324 2510 527 2554 Phoeniss.
556 2523 622 2553 21.
653 2509 704 2552 Ὀ
735 2509 766 2551 δ’
797 2511 917 2567 ἡδονῇ
946 2511 1046 2558 δοὺς,
1079 2526 1133 2552 sc.
1165 2511 1320 2552 ἑαυτόν.
1383 2510 1466 2551 Sed
1496 2513 1609 2564 ψυχῇ

144 2582 317 2624 διδόντες
340 2580 485 2633 ἡδονὴν
504 2578 684 2635 quadrat
709 2593 804 2619 cum
835 2577 1095 2634 Theognidis
1114 2587 1338 2634 praecepto,
1358 2578 1444 2629 Τὴν
1463 2581 1610 2619 σαυτοῦ

145 2648 274 2703 φρένα
293 2648 424 2702 τέρπε,
447 2658 489 2689 et
509 2646 739 2704 Euripidis,
762 2647 965 2700 Εὔφραινε
986 2647 1173 2688 σαυτόν.”
1204 2646 1438 2687 BLOMF.
1476 2646 1611 2687 Recte

147 2716 358 2759 Pauwius.

201 2785 301 2835 842.
330 2783 514 2839 πλοῦτος]
536 2781 699 2838 χρήματ’
723 2782 924 2824 Cantabr.
945 2780 1107 2838 primus
1134 2796 1231 2823 cum
1262 2780 1388 2823 schol.
1417 2781 1610 2822 recentis·

145 2851 248 2894 simo
281 2852 433 2909 Eurip.
470 2853 605 2893 Orest.
640 2852 737 2892 680.
776 2852 894 2905 (669.
926 2849 1121 2905 Matth.)‚
1158 2849 1362 2892 Triclinio
1392 2849 1446 2891 ad
1479 2849 1607 2907 Soph.

146 2919 296 2976 Antig.
317 2921 417 2975 566.
440 2930 480 2961 et
504 2919 671 2961 Thoma
693 2919 757 2960 M.
783 2933 813 2959 s.
829 2933 867 2958 v.
890 2918 1048 2971 ὠφελῶ.
