1898 3256
355 219 410 261 94
827 220 1321 261 ANNOTATIONES

352 328 591 383 perlabitur.
650 329 894 385 AEschylum
922 344 1017 371 vero
1045 330 1098 371 de
1127 331 1432 386 septentrionali
1453 332 1625 373 Caucasi
1646 333 1790 374 vicinia

349 393 461 449 loqui
492 394 754 450 perspicuum
783 405 856 436 est.
916 396 1063 437 Restat
1091 395 1218 451 igitur
1248 406 1295 437 ut
1325 405 1485 452 poetam
1516 397 1569 438 de
1588 398 1790 454 Hybriste

349 461 529 515 quodam
559 460 701 511 fluvio,
728 461 811 501 sive
841 476 998 512 verum,
1021 463 1104 503 sive
1132 462 1271 502 fictum
1304 476 1450 502 nomen
1480 462 1618 513 fuerit,
1637 464 1787 505 famam

348 525 547 579 accepisse
576 535 816 575 statuamus,
838 526 910 581 qui
940 541 989 567 ex
1015 526 1112 582 ipsis
1133 527 1304 568 Caucasi
1327 527 1442 582 jugis
1462 543 1602 568 versus
1631 538 1789 584 septen-

349 591 521 632 trionem
552 591 815 638 decurreret;
849 607 970 647 quem
1001 592 1168 647 quidem
1202 593 1470 634 Prometheus
1498 594 1640 635 Inachi
1663 595 1786 637 filiam

347 657 461 712 prius
482 657 651 698 transire
674 667 797 707 vetat,
819 659 1057 714 priusquam
1086 659 1138 699 ad
1165 660 1254 715 ejus
1282 660 1415 700 fontes
1433 659 1475 700 in
1495 660 1584 715 ipso
1604 662 1788 703 Caucaso

346 723 582 764 escenderit.
643 723 726 765 Hic
757 724 789 764 si
814 725 1056 780 conjecturis
1084 725 1296 781 indulgere
1316 725 1541 780 quidquam
1565 728 1785 781 prodesset,

346 789 503 844 opinari
523 789 641 829 facile
661 804 882 844 possemus,
907 791 1133 846 Hybristen
1153 791 1259 832 forte
1289 791 1463 832 eundem
1483 791 1654 832 fluvium
1685 808 1784 842 esse,

345 857 418 912 qui
449 856 875 912 Tanaisvappelletur.
935 858 1058 899 Falso
1085 859 1195 899 enim
1223 858 1335 908 olim,
1368 858 1568 900 Strabone
1597 869 1714 909 teste,
1744 873 1783 903 2.

345 938 388 978 p.
409 934 503 975 107,
533 937 558 963 a
586 921 791 962 nonnullis
820 922 1019 963 creditum
1050 932 1125 972 est,
1151 924 1312 964 Tanain
1342 939 1416 980 per
1443 926 1671 966 Caucasum
1703 926 1785 967 labi

344 1004 486 1030 versus
526 989 856 1044 septentrionem,
891 988 986 1028 inde
1023 989 1076 1029 ad
1108 989 1345 1030 Maeotidem
1388 990 1578 1045 paludem
1621 992 1783 1033 reverti.

345 1056 618 1095 Veruntamen
639 1054 852 1094 incertiora
870 1054 957 1095 haec
977 1065 1086 1104 sunt,
1107 1069 1231 1110 quam
1254 1066 1299 1096 ut
1318 1055 1366 1096 iis
1385 1056 1590 1098 immorari
1611 1058 1748 1099 libeat.

405 1122 635 1162 Caucasum
678 1121 728 1160 Io
764 1134 1023 1175 supergressa
1060 1135 1200 1161 versus
1238 1121 1443 1162 meridiem
1486 1123 1692 1165 descendit
1729 1125 1783 1165 ad

345 1189 604 1227 Amazonum
633 1185 760 1235 sedes,
781 1201 897 1240 quas,
918 1195 1137 1241 antequam
1162 1187 1214 1227 ad
1237 1187 1588 1229 Thermodontem
1610 1190 1781 1231 fluvium

344 1253 628 1307 demigrarent,
650 1251 691 1291 in
718 1251 862 1291 vicinia
891 1251 1062 1292 Caucasi
1092 1253 1343 1294 meridionali
1374 1254 1576 1296 habitasse
1607 1271 1657 1296 ex
1689 1257 1731 1297 h.
1753 1257 1780 1298 l.

343 1319 598 1373 intelligitur.
658 1318 725 1359 Cf.
749 1318 883 1358 Strab.
903 1331 969 1357 11.
992 1333 1033 1372 p.
1054 1331 1150 1374 503.
1171 1329 1267 1373 504.

401 1386 558 1439 Aperte
578 1393 714 1424 autem
737 1383 961 1438 AEschylus
979 1398 1004 1424 a
1024 1399 1120 1426 vero
1139 1384 1319 1426 locorum
1343 1386 1422 1427 situ
1448 1387 1666 1437 aberravit,
1686 1403 1780 1429 cum

344 1453 604 1491 Amazonum
623 1464 812 1505 campum
830 1449 1140 1503 Themiscyram
1155 1451 1211 1492 ibi
1231 1451 1353 1492 situm
1374 1468 1458 1494 esse
1478 1453 1774 1509 pronuntiavit:

1242 1550 1306 1590 ἵνα

566 1617 727 1666 τραχεῖα
748 1615 889 1654 πόντου
910 1615 1162 1664 Σαλμυδησία
1181 1615 1342 1666 γνάθος,

571 1681 800 1732 ἐχθρόξενος
821 1681 994 1735 ναύτῃσι,
1016 1682 1177 1732 μητρυιὰ
1198 1684 1307 1721 νεῶν.

342 1778 507 1818 Etenim
531 1777 800 1832 Themiscyra
828 1777 868 1817 in
899 1778 1023 1818 Ponti
1050 1778 1207 1818 Euxini
1237 1778 1504 1829 meridionali,
1533 1780 1778 1836 Salmydessi

342 1859 436 1883 vero
457 1843 567 1884 sinus
587 1844 627 1884 in
648 1844 886 1884 occidentali
916 1843 1032 1884 litore
1052 1853 1150 1884 erat.
1199 1845 1495 1900 Salmydessius
1516 1855 1669 1886 tractus
1692 1847 1776 1898 (alii

339 1909 602 1961 Ἃλμυδισσὸς
622 1910 822 1961 scribunt)
844 1910 896 1950 ab
926 1910 1067 1950 insulis
1088 1910 1265 1966 Cyaneis
1294 1926 1424 1966 usque
1452 1912 1504 1952 ad
1526 1913 1776 1952 Andriacam

340 1976 583 2030 pertinebat.
643 1976 715 2016 Ad
738 1975 813 2016 loci
838 1975 1148 2031 descriptionem
1170 1975 1429 2032 AEschyleam
1458 1978 1641 2033 proxime
1664 1994 1774 2019 acce-

340 2042 446 2082 dunt
469 2042 633 2096 Scymni
658 2041 751 2082 Chii
772 2041 959 2082 versiculi
980 2057 1016 2081 v.
1041 2051 1137 2095 723.

565 2139 645 2179 Εἶτ’
666 2139 844 2190 αἰγιαλός
863 2154 919 2180 τις
937 2136 1210 2188 Ἀλμυδησσὸς
1227 2140 1442 2190 λεγόμενος

565 2203 627 2256 ἐφ’
650 2205 862 2244 ἑπτακόσια
881 2203 1019 2243 στάδια
1038 2204 1257 2255 τεναγώδης
1276 2205 1379 2256 ἄγαν

565 2271 626 2310 καὶ
647 2272 937 2321 δυσπρόσορμος
957 2270 1140 2320 ἀλιμενός
1158 2286 1201 2309 τε
1220 2274 1422 2312 παντελῶς

562 2335 822 2388 παρατέταται
841 2339 924 2377 ταῖς
945 2335 1082 2375 ναυσὶν
1103 2336 1335 2388 ἐχθρότατος
1354 2338 1507 2378 τόποςθ.

339 2437 531 2475 Ceterum
553 2435 623 2475 etsi
646 2434 686 2474 in
707 2435 886 2474 locorum
909 2433 1107 2488 positione
1125 2433 1251 2473 falsus
1277 2444 1338 2474 est
1367 2444 1501 2489 poeta,
1527 2434 1772 2491 Salmydessi

337 2510 471 2541 tamen
493 2500 709 2555 descriptio
729 2500 881 2554 optime
901 2514 993 2539 cum
1015 2499 1185 2539 aliorum
1214 2509 1427 2540 auctorum
1449 2501 1655 2541 notatione
1675 2516 1770 2542 con-

336 2567 457 2608 venit.
486 2572 648 2620 τραχεῖα
668 2566 772 2607 enim
796 2566 945 2606 dicitur
962 2565 1207 2620 Salmydessi
1228 2581 1311 2612 ora,
1333 2566 1444 2621 quia,
1468 2577 1513 2607 ut
1536 2567 1681 2607 Strabo
1699 2567 1770 2617 ait,

335 2644 421 2674 erat
447 2634 624 2687 αἰγιαλὸς
649 2635 838 2684 λιθώδης;
870 2632 1016 2672 deinde
1046 2634 1274 2685 ἐχθρόξενος
1304 2635 1479 2683 ναύτῃσι,
1502 2634 1600 2688 quia
1628 2635 1770 2674 eodem

335 2709 375 2740 et
398 2700 676 2755 Xenophonte
695 2698 945 2747 auctoribus,
966 2698 1127 2738 infamis
1146 2707 1231 2738 erat
1253 2698 1463 2738 Thracum
1483 2714 1532 2739 ea
1551 2699 1638 2740 loca
1655 2714 1768 2740 acco-

379 2815 394 2832 e
412 2808 461 2839 De
476 2808 671 2849 Salmydesso
681 2807 880 2846 cf.‘Xenoph.
895 2807 977 2846 Exp.
994 2807 1068 2847 Cyr.
1087 2815 1117 2845 7,
1135 2813 1167 2845 5,
1184 2807 1213 2837 8.
1237 2807 1400 2848 Anonymi
1412 2809 1520 2848 peripl.
1538 2810 1630 2840 Pont.
1648 2809 1767 2839 Euxin.

334 2872 363 2900 p.
380 2859 447 2898 164.
463 2862 512 2891 ed.
529 2861 667 2891 Gronov.
683 2859 814 2890 Arriani
829 2859 936 2899 peripl.
954 2859 1047 2889 Pont.
1064 2858 1183 2889 Euxin.
1200 2869 1230 2898 p.
1246 2858 1313 2897 136.
1326 2860 1375 2890 ed.
1393 2859 1560 2892 Blancard.
1571 2868 1603 2892 et
1618 2861 1719 2892 strab.
1736 2868 1763 2899 7.

334 2924 365 2952 p.
380 2922 455 2952 3¹9·
