1898 3256
379 219 462 260 ⁶210
845 221 1336 262 ANNOTATIONES

376 330 636 382 transmissio,
656 346 729 387 per
750 331 1005 373 Mercurium
1028 336 1225 384 πομπαῖον
1244 332 1363 373 facta.
1425 333 1476 372 In
1497 331 1667 387 simplici
1687 346 1805 373 sensu

374 396 469 438 satis
505 397 697 453 frequens
738 406 811 439 est.
864 398 1014 451 ἐρέσσω
1054 398 1237 440 similiter
1276 406 1499 454 usurpatur
1536 400 1648 439 Pers.
1683 408 1805 452 1047.

367 462 546 515 Ἔρεσσ’,
568 463 722 516 ἔρεσσε,
744 465 807 505 καὶ
827 463 983 512 στέναζ’
1006 463 1102 515 ἐμὴν
1120 463 1248 517 χάριν.
1282 465 1513 505 BLOMF.

431 529 525 583 856.
548 530 719 578 πίτυλος,
741 531 881 572 Sonus
910 531 982 585 qui
1010 544 1038 570 a
1065 531 1209 571 crebra
1229 531 1464 586 pultatz'one
1492 532 1642 572 oritur.
1673 531 1807 584 κυρίως

373 595 394 635 ὁ
421 595 498 635 ἀπὸ
525 599 602 636 τῶν
626 595 895 648 ἐρεσσομένων
920 596 1070 637 κωπίων
1098 598 1300 649 γινόμενος
1331 598 1509 649 θόρυβος.
1542 597 1675 638 Schol.
1733 597 1807 638 Ad

373 675 457 702 rem
478 662 662 717 Hesych.
694 663 880 706 Πίτυλος.
911 663 1114 715 συστροφὴ
1138 666 1204 714 τῆς
1222 663 1364 717 χειρὸς,
1386 664 1481 705 ὅταν
1499 667 1649 708 πυκνῶς
1669 664 1803 717 ἐπιφέ-

371 745 496 779 ρηται.
527 729 757 769 BLOMF.

428 795 528 848 αἰὲν]
547 794 723 850 Aliquot
742 795 859 835 codd.
883 796 958 837 αἰεὶ
976 796 1040 837 vel
1061 797 1135 838 ἀεί.

428 862 648 914 ἀμείβεται]
682 862 875 902 Deducit.
936 863 1030 912 Quo
1060 878 1179 904 sensu
1213 863 1346 904 nescio
1383 878 1435 904 an
1474 863 1570 905 alibi
1605 873 1803 905 occurrat.

373 927 605 967 BLOMF.

429 993 605 1041 Chorus,
627 993 739 1048 quod
760 993 938 1048 pedestri
958 1010 1140 1036 sermone
1167 996 1223 1037 ita
1251 996 1394 1038 fuisset
1421 997 1698 1038 efferendum:
1738 998 1807 1036 Ve-

370 1074 481 1109 rum,
500 1074 524 1100 ο
542 1060 698 1109 amicae,
712 1061 812 1114 jam
826 1059 996 1114 funera
1015 1063 1097 1102 ista
1117 1062 1293 1117 planctu
1312 1069 1350 1104 et
1368 1063 1470 1103 leseo
1485 1077 1802 1119 prosequamur,

370 1125 414 1166 id
432 1125 705 1182 pulcherrima
724 1125 916 1182 allegoria
936 1142 1034 1168 usus
1052 1128 1110 1168 ita
1127 1128 1334 1184 eloquitur
1350 1145 1359 1170 ε
1399 1130 1544 1170 Verum
1565 1144 1675 1170 nunc
1689 1173 1696 1183 ,
1695 1130 1802 1184 jam,

369 1207 394 1233 o
430 1194 588 1241 amicae,
622 1195 845 1233 secundum
883 1208 1033 1235 auram
1072 1196 1331 1250 querelarum
1370 1196 1561 1251 impellite
1589 1196 1805 1251 planctum

351 1260 501 1314 funus
517 1260 787 1309 comitantem,
806 1261 877 1315 qui
892 1274 1051 1314 semper
1066 1274 1144 1316 per
1158 1261 1423 1302 Acherontem
1441 1263 1628 1317 sequitur
1647 1262 1805 1302 tristem

370 1333 463 1367 atro
492 1326 577 1367 velo
605 1327 814 1382 insignem
845 1326 1063 1367 Charontis
1091 1328 1286 1382 cymbam,
1316 1328 1364 1368 in
1393 1328 1509 1368 illam
1531 1328 1716 1382 Apollini
1741 1328 1805 1367 in-

369 1407 585 1441 accessam,
615 1393 714 1433 solis
742 1398 962 1448 expertem,
992 1406 1193 1448 capacem,
1222 1394 1508 1435 tenebricosam
1538 1395 1635 1434 Orci
1663 1395 1804 1450 regio·

370 1473 477 1501 nem.
537 1458 761 1514 Exsequiae
784 1474 812 1499 s.
839 1458 994 1499 funeris
1021 1473 1186 1514 pompa,
1207 1474 1299 1500 cum
1329 1459 1505 1514 imagine
1533 1459 1699 1515 navigii,
1720 1474 1805 1515 quo

369 1533 625 1565 mortuorum
646 1523 791 1564 animae
814 1524 1020 1566 Charonte
1040 1525 1236 1581 portitore
1259 1540 1334 1581 per
1353 1525 1629 1566 Acherontem
1651 1526 1805 1567 vehun-

370 1600 454 1641 tur,
488 1598 759 1645 comparatur.
821 1591 881 1631 Et
914 1591 1107 1646 quoniam
1138 1591 1180 1631 in
1214 1591 1406 1632 funerum
1438 1606 1591 1647 pompa
1624 1591 1805 1633 solennes

369 1666 485 1699 erant
513 1657 672 1707 naeniae,
700 1672 733 1698 s.
761 1657 866 1707 lessi,
892 1673 996 1713 quos
1023 1658 1129 1699 inter
1158 1658 1308 1700 multos
1335 1660 1535 1714 planctus,
1557 1659 1598 1700 h.
1619 1674 1652 1700 e.
1673 1659 1806 1715 capita

369 1735 411 1766 et
428 1732 594 1780 pectora
613 1724 800 1766 manibus
819 1725 1098 1781 percutiendo,
1119 1740 1261 1766 canere
1281 1725 1476 1775 solebant,
1497 1725 1684 1781 planctus
1709 1741 1804 1766 cum

370 1791 538 1846 remigio
571 1806 604 1832 s.
635 1790 759 1846 pulsu
787 1806 993 1833 remorum
1023 1792 1296 1833 contenditur.
1357 1791 1465 1842 Quia
1491 1806 1590 1833 vero
1618 1791 1805 1848 planctus

369 1857 442 1908 illi,
473 1871 567 1899 cum
596 1857 861 1913 remigatione
892 1858 1130 1914 comparati,
1161 1858 1348 1914 querelis,
1379 1874 1408 1900 s.
1439 1859 1579 1900 naeniis
1607 1858 1807 1900 intermis-

369 1934 527 1976 centur,
543 1933 638 1980 apte
657 1924 778 1965 simul
799 1924 879 1965 κατ’
897 1925 1012 1978 οὖρον
1032 1926 1136 1978 γόων
1157 1925 1391 1978 ἐρέσσεσθαι
1410 1925 1615 1967 dicuntur.
1646 1927 1806 1969 πίτυλος

369 1990 532 2047 proprie
559 2005 764 2031 remorum
793 2003 941 2046 aquam
972 1990 1223 2046 pulsantium
1253 1992 1473 2048 strepitus;
1506 1993 1546 2033 h.
1567 1992 1595 2033 l.
1614 1992 1667 2034 ad
1692 1992 1806 2048 plan-

368 2072 509 2113 gorem
538 2057 712 2098 tristitiae
740 2057 912 2098 indicem
944 2059 1198 2099 transfertur.
1259 2059 1340 2100 Sed
1365 2060 1441 2101 hoc
1466 2059 1725 2109 vocabulum,
1752 2074 1805 2100 ne

369 2123 462 2178 quis
481 2123 641 2164 aberret
661 2132 701 2163 et
728 2122 892 2178 proprie
920 2124 1096 2179 positum
1125 2139 1209 2164 esse
1233 2124 1449 2176 existimet,
1469 2126 1610 2166 finitur
1635 2125 1805 2181 adjectis

371 2191 577 2232 vocabulis
608 2195 744 2244 χεροῖν
771 2200 812 2231 et
842 2192 941 2243 ἀμφὶ
975 2192 1095 2243 κρατί.
1156 2193 1219 2232 Ut
1253 2191 1359 2232 enim
1391 2192 1423 2232 si
1457 2192 1509 2232 de
1541 2192 1804 2248 remigatione

368 2257 585 2306 diceretur,
607 2265 710 2297 esset
738 2257 898 2300 πίτυλος
926 2261 1003 2298 τῶν
1030 2261 1165 2299 κωπῶν
1185 2259 1285 2310 ἀμφὶ
1310 2258 1505 2310 θαλάσσῃ,
1528 2258 1583 2299 sic
1602 2258 1804 2314 planctus,

369 2323 409 2364 h.
427 2339 462 2364 e.
489 2323 682 2379 strepitus
707 2323 887 2379 capitum
918 2333 990 2364 aut
1021 2333 1230 2378 pectorum
1261 2323 1395 2365 luctus
1424 2324 1655 2366 declarandi
1683 2340 1805 2366 causa

369 2391 557 2432 manibus
584 2405 884 2446 percussorum,
906 2390 1110 2446 eleganter
1129 2390 1357 2447 appellatur
1375 2392 1533 2434 πίτυλος
1551 2396 1685 2445 χεροῖν
1705 2391 1805 2444 ἀμφὶ

370 2460 489 2510 κρατί.
551 2459 758 2513 Cumque,
792 2467 838 2498 ut
872 2458 1034 2513 navigia
1067 2473 1147 2498 non
1185 2459 1314 2499 solum
1347 2458 1482 2509 remis,
1518 2459 1588 2499 sed
1623 2474 1740 2514 saepe,
1772 2459 1804 2499 si

369 2534 516 2565 ventus
534 2524 699 2579 quidem
722 2524 925 2566 secundus
948 2524 1013 2574 sit,
1035 2524 1154 2565 simul
1178 2524 1273 2565 velis
1299 2524 1578 2580 impelluntur,
1600 2525 1654 2566 sic
1683 2525 1803 2566 etiam

367 2591 513 2632 funera
537 2606 617 2631 non
646 2593 812 2646 planctu
840 2590 983 2641 solum,
1005 2591 1075 2631 sed
1105 2600 1145 2632 et
1174 2590 1276 2632 lesso
1306 2591 1472 2647 lugubri
1500 2591 1680 2633 decorari
1705 2592 1805 2633 sole-

369 2666 471 2708 rent,
488 2657 615 2698 lessus
633 2658 749 2712 quasi
769 2673 862 2699 cum
884 2668 1004 2699 vento
1024 2658 1202 2699 secundo
1221 2657 1310 2698 vela
1329 2658 1478 2713 navigii
1497 2655 1691 2714 implente
1710 2674 1804 2700 con-

368 2724 510 2765 fertur.
544 2725 746 2775 ἀμείβεται
763 2724 803 2765 h.
823 2725 848 2764 l.
871 2724 899 2765 i.
914 2740 956 2780 q.
979 2726 1153 2777 deducit,
1167 2727 1418 2772 comitatur,-
1451 2741 1483 2766 s.
1502 2735 1550 2766 ut
1570 2726 1803 2768 Brunckius

370 2791 520 2831 Graeco
538 2791 679 2840 verbo,
701 2791 772 2831 sed
792 2805 872 2831 non
893 2792 1028 2832 minus
1047 2802 1145 2848 apto
1163 2792 1313 2842 reddit,
1334 2794 1502 2845 πορεύει.
1531 2794 1680 2845 θεωρὶς,
1701 2793 1801 2849 quin

370 2856 587 2898 Charontis
605 2857 793 2912 cymbam
815 2857 992 2908 denotet,
1014 2874 1263 2915 quamquam
1295 2859 1457 2900 nomine
1486 2860 1691 2915 portitoris
1719 2875 1801 2902 non

368 2922 522 2971 addito,
552 2923 729 2964 dubitari
762 2933 895 2965 tamen
927 2939 1006 2966 non
1038 2934 1183 2981 potest.
1246 2925 1515 2981 Tragicorum
1545 2926 1652 2967 enim
1681 2936 1800 2968 aetate
