1898 3178
301 189 354 228 10
836 188 1186 228 PRAEFATIO.

299 300 489 359 plexus:
530 300 587 344 de
625 300 789 358 quibus
828 299 1046 345 Butlerus
1086 299 1174 344 vol.
1210 295 1249 344 8.
1289 315 1333 359 p.
1367 299 1444 343 vii.
1485 305 1510 324 “
1541 297 1645 343 Ven.
1686 315 1722 343 1.

300 375 675 420 membranaceus
698 375 840 420 seculi
862 392 926 432 15.
950 375 1240 419 bibliothecae
1259 375 1456 421 Venetae
1474 374 1723 418 Marcianae

299 463 396 507 370.
452 449 571 494 Cum
595 450 795 494 editione
817 449 992 494 Aldina
1013 451 1243 494 consentit
1271 451 1412 494 etiam
1445 449 1525 493 ubi
1559 449 1725 493 discre-

299 530 379 583 pat
409 525 557 569 codex
594 522 770 569 Guelf.b
815 524 920 569 Ven.
956 541 995 570 2.
1032 526 1297 570 chartaceus
1332 524 1536 584 ejusdem
1577 523 1725 569 aetatis

297 599 346 642 in
369 600 562 643 eandem
583 599 910 643 bibliothecam
941 615 967 643 e
996 599 1276 645 bibliotheca
1309 600 1393 645 SS.
1417 600 1641 644 Johannis
1675 602 1724 641 et

299 673 432 718 Pauli
467 673 726 718 translatus.
795 674 1058 732 Utrumque
1096 676 1153 719 ab
1188 690 1264 719 me
1299 681 1486 735 rogatus
1525 673 1723 719 contulit

297 748 329 792 J
331 749 499 793 acobus
523 748 778 801 MorelHus,
802 749 1091 794 bibliothecae
1114 750 1397 809 praefectus.''

363 838 551 880 24—27.
593 823 944 869 Vindobonenses
978 830 1207 882 quattuor,
1237 840 1296 869 ex
1333 825 1498 883 quibus
1534 838 1723 882 excerp-

296 902 393 941 tam
423 897 632 942 lectionis
655 899 966 943 diversitatem
997 900 1054 943 ad
1089 899 1420 943 Prometheum
1450 905 1497 943 et
1529 898 1721 957 Septem

297 987 402 1016 cum
427 971 673 1017 Schuetzio
697 975 1053 1018 communicavit
1078 973 1128 1017 F.
1153 973 1198 1017 J.
1222 973 1420 1018 Bastius.
1610 1025 1612 1030 ¹

363 1051 430 1092 28.
465 1047 646 1092 Codicis
687 1047 982 1093 Taurinensz's
1018 1062 1112 1106 253.
1147 1049 1396 1106 specimina
1429 1063 1489 1092 ex
1529 1047 1721 1106 Septem

296 1122 353 1165 ad
377 1121 555 1166 Thebas
577 1123 813 1182 proposuit
837 1123 1071 1183 Peyronus
1093 1126 1141 1168 in
1163 1123 1341 1169 Notitia
1368 1123 1583 1169 librorum
1608 1123 1723 1169 Val-

296 1212 445 1256 pergae
469 1197 639 1242 Calusii
662 1213 706 1256 p.
730 1203 798 1241 60.
822 1202 890 1241 61.
948 1198 1107 1244 Codex
1131 1201 1297 1245 desinit
1320 1216 1362 1244 v.
1387 1204 1482 1256 841.

362 1288 429 1330 29.
477 1271 816 1326 Lambethanus,
861 1274 1128 1319 chartaceus
1164 1275 1306 1319 seculi
1350 1290 1414 1329 14.
1450 1275 1507 1318 ad
1547 1273 1722 1331 aliquot

297 1344 538 1391 Persarum
562 1347 686 1392 locos
707 1349 939 1406 inspectus
961 1363 989 1393 a
1011 1349 1298 1402 Blomfieldo,
1322 1351 1451 1408 cujus
1482 1365 1523 1393 v.
1547 1348 1720 1408 praefat.

294 1436 337 1479 p.
362 1437 390 1465 1.

360 1497 497 1556 Typis
534 1499 762 1558 impressae
795 1501 1000 1560 AEschyli
1035 1501 1267 1561 tragoediae
1306 1501 1505 1559 primum
1543 1499 1722 1557 prodie-

294 1577 402 1616 runt
426 1573 654 1619 Francisci
677 1575 872 1620 Asulani
897 1592 1034 1635 opera
1056 1592 1115 1620 ex
1139 1576 1319 1620 officina
1341 1574 1515 1619 Aldina
1536 1589 1575 1618 a.
1600 1577 1720 1631 1518.

295 1649 369 1692 cui
409 1650 486 1707 qui
525 1650 806 1708 praefuerunt
844 1652 892 1695 in
930 1651 1018 1696 hoc
1063 1666 1246 1709 quoque
1286 1651 1505 1708 scriptore
1543 1662 1720 1692 morem

294 1728 546 1768 tenuerunt
568 1725 616 1768 in
642 1726 908 1784 praefatione
941 1727 999 1771 ad
1030 1726 1202 1770 scholia
1224 1724 1546 1783 Aristophanis
1570 1723 1656 1767 vol.
1684 1739 1720 1766 1.

295 1814 338 1857 p.
363 1800 454 1843 viii.
479 1800 537 1844 ab
559 1815 635 1844 me
658 1806 883 1854 notatum,
906 1808 960 1845 ut
983 1801 1189 1846 codicem
1212 1799 1465 1859 typothetis
1488 1799 1723 1843 traderent

295 1889 433 1932 quam
467 1875 762 1920 vilissimum:
798 1891 935 1934 quem
970 1876 1254 1921 simillimum
1283 1875 1422 1919 fuisse
1450 1873 1723 1932 Guelferby-

296 1956 419 2001 tano‚
453 1949 500 1992 id
540 1954 610 1993 est
644 1950 769 1993 omni
804 1951 1080 1995 vmendorum
1118 1965 1287 2010 genere
1322 1950 1556 2001 refertum,
1588 1963 1724 2007 supra

295 2026 608 2078 indicavimus,
642 2026 863 2084 auxitque
897 2025 1072 2070 malum
1110 2040 1204 2069 non
1242 2039 1343 2069 raro
1377 2024 1723 2083 typothetarum

295 2101 537 2159 imperitia.
605 2099 930 2159 Agamemnon
958 2105 1006 2144 et
1030 2099 1317 2158 Choephoroe
1351 2100 1399 2142 in
1432 2113 1572 2142 unam
1595 2098 1725 2142 fabu-

295 2176 389 2220 lam
422 2181 528 2220 sunt
552 2175 750 2220 confusae
783 2180 836 2219 ut
859 2176 907 2218 in
930 2175 1163 2219 codicibus
1198 2174 1415 2218 Mediceo
1439 2178 1486 2217 et
1511 2172 1723 2217 Guelfer-

295 2252 490 2310 bytano:
531 2265 623 2308 quo
662 2249 836 2293 factum
876 2249 935 2293 ut'
966 2248 1199 2293 Asulanus
1243 2263 1324 2293 sex
1363 2253 1547 2293 tantum
1587 2248 1722 2291 edere

297 2326 382 2370 sibi
401 2326 632 2370 videretur
653 2325 898 2384 tragoedias
920 2324 1185 2382 nullamque
1212 2325 1261 2368 in
1282 2324 1432 2368 indice
1455 2323 1559 2367 libri
1574 2322 1724 2367 Choe-

296 2400 544 2459 phororum
566 2400 738 2444 faceret
760 2399 1057 2443 mentionem.

363 2475 629 2519 Editionem
663 2473 885 2518 Aldinam
919 2473 1101 2518 Parisiis
1135 2489 1174 2517 a.
1203 2485 1324 2530 1552.
1357 2473 1536 2516 recudit
1558 2471 1725 2516 Adria-

296 2565 384 2595 nus
407 2550 660 2603 Turnebus,
685 2549 763 2607 qui
796 2549 994 2607 plurima
1014 2548 1175 2607 prioris
1197 2547 1411 2591 editionis
1434 2548 1547 2591 vitia
1569 2562 1724 2591 emen-

297 2625 435 2677 davit,
467 2624 866 2684 Agamemnonem
901 2638 1009 2668 vero
1044 2621 1270 2667 Aldinum
1306 2636 1365 2666 ex
1405 2621 1581 2666 duabus
1617 2636 1725 2665 con-

297 2698 460 2744 flatum
496 2714 594 2743 esse
627 2699 859 2758 tragoediis
892 2713 985 2742 non
1017 2698 1163 2757 magis
1196 2711 1334 2755 quam
1366 2695 1600 2741 Asulanus
1632 2696 1728 2739 ani-

349 2792 370 2819 b
400 2793 494 2830 Tres
513 2793 652 2843 primas
671 2793 816 2829 fabulas
841 2806 883 2829 ex
904 2792 1031 2829 codice
1057 2792 1092 2829 V
1088 2805 1143 2828 en.
1170 2804 1200 2828 1.
1220 2790 1443 2841 expressisse
1462 2789 1606 2827 Aldum
1635 2802 1723 2826 con-

290 2856 384 2905 jecit
406 2855 653 2892 Blomfieldus
672 2855 711 2891 in
731 2855 870 2892 Museo
889 2855 972 2892 crit.
994 2854 1171 2891 Cantabr.
1193 2853 1262 2890 vol.
1284 2865 1316 2889 1.
1337 2866 1374 2902 p.
1396 2862 1480 2900 105.
