1898 3256
334 201 429 241 302
825 202 1319 243 ANNOTATIONES

400 313 494 365 845.
526 310 644 352 πόλλ’
674 312 896 367 ἐσέρχεται]
922 315 1056 354 πολλὰ
1086 312 1306 366 εἰσέρχεται
1328 312 1392 354 Μ.
1423 311 1574 367 aliique
1602 310 1786 352 nonnulli

342 393 438 418 cum
460 377 559 418 Ald.
583 377 694 418 Rob.

403 446 518 495 κακὰ]
545 448 671 485 κακῶν
692 444 883 486 Bothius.

400 511 497 562 846.
520 510 568 565 δ’]
589 509 624 563 γ’
645 510 803 566 aliquot
822 511 940 552 codd.

401 578 495 631 850.
525 576 627 618 παίδ’
650 578 728 632 ἐμῷ
758 577 878 618 codd.
900 577 1085 633 plerique
1113 591 1206 618 cum
1229 578 1380 626 Turn„
1402 576 1523 632 pauci
1548 577 1656 618 παιδὶ
1685 578 1779 632 ε’μῷ.

344 645 397 684 In
428 645 492 684 M.
523 643 692 699 aliisque
721 644 926 685 nonnullis
954 653 995 684 et
1024 643 1126 684 Ald.
1159 643 1266 684 Rob.
1302 644 1380 697 ἐμῷ
1414 644 1536 684 παιδί.
1597 642 1783 684 offendit

341 710 526 752 librarios
546 711 628 751 iota
647 710 805 760 elisum,
827 710 879 751 de
899 726 982 766 quo
1001 710 1087 751 dixi
1105 711 1158 751 ad
1180 711 1305 766 Soph.
1328 710 1432 752 OEd.
1455 711 1545 751 Col.
1569 720 1692 765 1435.

402 778 922 831 852—856=857—863.

402 844 921 896 864—870=871—878.

401 911 922 965 879—888=889—896.

402 978 426 1018 8
429 978 640 1032 52—908.
671 978 823 1018 Versus
851 977 893 1017 in
915 977 1017 1018 Ald.
1045 977 1100 1018 sic
1129 977 1261 1027 divisi,
1283 976 1371 1018 3³>—
1397 977 1402 1033 Ι
1429 981 1648 1018 πολισσ.-
1675 976 1681 1032 Ι
1708 976 1783 1017 εὖτ’

346 1047 425 1086 ὁ--
450 1043 455 1101 Ι
484 1045 694 1087 ἰσόθεος-
718 1044 725 1100 Ι
750 1048 938 1096 πρῶτα-
964 1044 970 1100 Ι
997 1048 1236 1097 στρατιᾶς-
1260 1044 1268 1100 Ι
1293 1046 1340 1086 τὰ
1371 1045 1594 1097 πύργινα-
1618 1043 1625 1099 Ι
1651 1045 1785 1084 νόστοι

347 1136 405 1143 -
430 1111 436 1167 Ι
463 1112 561 1152 εὖ-
586 1112 594 1166 Ι
619 1111 773 1154 ὄσας-
798 1111 806 1167 Ι
831 1111 875 1151 οὐ
893 1113 1087 1162 διαβᾶς-
1113 1113 1120 1167 Ι
1146 1111 1213 1163 ἀφ’
1233 1113 1421 1154 ἑστίας-
1446 1110 1452 1167 Ι
1477 1110 1729 1163 πελάγους-
1753 1109 1759 1167 Ι

349 1179 585 1230 θρηῖκίων-
609 1180 616 1233 Ι
644 1179 795 1218 κατᾶ-
820 1178 826 1233 Ι
851 1177 1010 1218 τοῦδ’-
1034 1176 1041 1233 Ι
1065 1178 1274 1219 πλατὺν-
1299 1177 1305 1233 Ι
1332 1179 1394 1219 καὶ
1434 1178 1616 1228 στόμα-
1640 1177 1646 1232 Ι
1672 1177 1786 1217 ἅλιον

345 1268 402 1276 --
427 1245 433 1299 Ι
460 1245 523 1284 οἶα
541 1268 598 1274 -
623 1243 629 1297 Ι
655 1245 752 1287 Χίος
769 1268 826 1273 -
850 1243 857 1299 Ι
881 1244 995 1299 Τήνῳ
1016 1269 1072 1276 —
1097 1244 1104 1300 Ι
1131 1246 1268 1285 καὶ-
1292 1244 1299 1300 Ι
1324 1247 1481 1295 Λῆμνον
1499 1267 1556 1274 --
1581 1243 1588 1299 Ι
1615 1244 1786 1295 Κυπρίας

348 1335 404 1343 -—
428 1311 436 1365 Ι
461 1314 667 1362 Σαλαμῖνα
682 1335 736 1340 -·
761 1311 768 1366 Ι
794 1310 962 1351 τῶνδ’-·
987 1310 993 1366 Ι
1020 1312 1082 1351 καὶ
1115 1313 1251 1354 τᾶς-
1275 1311 1284 1365 Ι
1307 1309 1520 1351 Ἰόνιον-
1544 1309 1551 1365 Ι
1577 1309 1787 1362 σφετέραις

348 1402 404 1409 --
430 1378 435 1434 Ι
463 1377 659 1419 σθένος-
685 1376 690 1433 Ι
719 1378 983 1430 ἐπικούρων-
1008 1376 1016 1433 Ι
1041 1379 1089 1418 τᾶ
1109 1376 1138 1418 δ’
1156 1377 1260 1428 ἦν-
1286 1376 1292 1432 Ι
1317 1375 1588 1429 μεγάλως--.

406 1445 502 1497 852.
523 1443 701 1496 μεγάλας
719 1443 891 1483 codices.
920 1443 1094 1495 μεγάλης
1114 1442 1213 1483 Ald.
1236 1443 1345 1483 Rob.
1369 1443 1504 1483 Turn.

406 1511 502 1565 853.
534 1509 817 1564 ἐπεκύρσαμεν]
848 1510 1120 1562 ἀπεκύρσαμεν
1141 1518 1222 1550 tres
1241 1509 1376 1559 codd.‚
1395 1524 1572 1564 quorum
1599 1508 1640 1549 in
1662 1523 1745 1549 uno
1765 1525 1785 1549 ε

350 1576 686 1633 superscriptum.

407 1644 501 1696 854.
524 1642 618 1697 εὖθ’]
641 1641 714 1683 εὖτ’
738 1642 840 1684 Ald.
862 1643 973 1684 Rob.
995 1644 1130 1683 Turn.

406 1709 566 1762 γηραιὸς
585 1710 641 1750 Α.
663 1708 765 1750 Ald.
790 1709 898 1750 Rob.
921 1710 1057 1749 Turn.
1091 1709 1246 1762 γεραιὸς
1273 1708 1409 1759 codd„
1430 1715 1477 1749 ut
1500 1708 1676 1758 videtur,
1704 1707 1789 1764 ple-

348 1776 467 1832 rique
486 1791 580 1817 cum
604 1776 746 1832 Steph-

407 1844 500 1898 855.
535 1843 772 1897 πανταρκὴς]
812 1843 1046 1883 Paucorum
1081 1842 1268 1883 codicum
1297 1841 1396 1882 vitia
1429 1851 1526 1882 sunt
1553 1843 1786 1894 πανταρκᾶς,

350 1911 584 1963 παντάρκας,
606 1910 843 1963 παντάρχας,
865 1919 906 1950 et
925 1908 1161 1963 παντάρχης,
1184 1924 1234 1949 ex
1261 1924 1346 1964 quo
1374 1917 1614 1964 corruptum
1643 1908 1788 1949 παντά-

351 1995 425 2031 χης
443 1980 485 2018 in
507 1977 618 2019 Rob.

409 2044 554 2086 ἀκάκας
575 2044 684 2085 A.B.
716 2042 856 2083 Guelf.
888 2043 1029 2093 ἆκάκης
1055 2042 1191 2098 vulgo.
1222 2043 1363 2085 ἄκακος
1393 2042 1586 2083 Cantabr.
1618 2041 1787 2095 primus,

353 2125 447 2165 quae
467 2111 597 2150 forma
617 2109 767 2165 legitur
787 2125 826 2149 v.
848 2111 942 2158 664.
964 2110 1083 2150 ἄκακε
1103 2108 1289 2161 Δαρειάν.

411 2177 504 2230 857.
545 2175 1031 2229 πρῶτα-ἆπεφαινόμεθ’]
1070 2176 1260 2216 Primum
1295 2176 1457 2230 quidem
1489 2176 1534 2216 ob
1567 2176 1789 2215 emer-citum

353 2243 474 2283 laude
493 2249 532 2283 et
544 2243 689 2298 gloria
695 2244 917 2297 florentem
937 2243 1042 2282 clari
1061 2256 1239 2283 eramus.
1273 2243 1405 2282 SCH.

411 2309 712 2362 ἀπεφαινόμεθ’]
756 2309 1039 2362 ἀποφαινόμεθ”
1078 2309 1142 2348 Μ.
1191 2306 1498 2360 ἀποφαινόμεσθ’
1539 2306 1640 2348 Ald.
1679 2306 1788 2347 Rob.

358 2377 493 2416 Turn.

413 2443 505 2496 859.
529 2443 747 2494 νομίσματα
769 2443 1046 2482 Hermannus.
1078 2442 1220 2492 νόμιμα
1238 2443 1286 2482 τὰ
1303 2440 1411 2481 libri.

411 2509 595 2562 πύργινα]
623 2510 669 2548 τὰ
688 2511 908 2560 πυργοῦντα
935 2508 996 2548 καὶ
1023 2511 1265 2548 συνιστῶντα
1293 2509 1361 2549 τὰς
1389 2508 1523 2550 πόλεις
1552 2508 1694 2558 νόμιμα
1718 2519 1787 2544 ex-

356 2575 480 2630 plicat
499 2574 726 2615 scholiasta.
787 2573 1043 2615 Vocabulum
1065 2582 1330 2629 corruptum..

414 2642 640 2696 ἐπεύθυνον]
674 2641 942 2682 Scribendum
974 2643 1185 2683 ἐπεύθυνεν
1207 2656 1301 2682 cum
1322 2640 1486 2682 Bothio.
1518 2638 1706 2680 ἐπέθυνον
1726 2639 1790 2678 Μ.

356 2717 583 2749 correctus:
617 2709 834 2749 ἀπεύθυνον
853 2723 877 2748 a
896 2723 958 2763 pr.
979 2723 1118 2749 manu.

414 2775 508 2829 863.
529 2775 644 2815 Ante
665 2776 707 2816 εὖ
733 2774 972 2816 exciderunt
988 2775 1154 2831 syllabae
1174 2784 1253 2816 tres
1273 2799 1300 2805 —
1316 2798 1342 2815 υ
1362 2797 1402 2814 υ.
1463 2774 1633 2814 Lacuna
1650 2771 1793 2812 addito

356 2842 454 2892 ἡμᾶς
473 2841 639 2897 expleta
658 2841 698 2881 in
721 2842 769 2881 B.
831 2841 958 2881 Male.
