1898 3256
361 224 444 269 290
832 225 1323 267 ANNOTATIONES

419 335 514 376 680.
549 338 639 378 νᾶες
669 336 787 379 ἄναες
819 336 954 390 ἄναες]
987 337 1104 379 ἄναες
1134 351 1216 376 non
1250 336 1328 376 hoc
1359 334 1541 385 involvit,
1571 334 1682 390 quod
1707 334 1795 390 jam

361 402 487 443 nullae
506 402 599 451 sint,
621 402 691 442 sed
712 401 823 457 quod
845 402 1008 444 navium
1031 417 1198 442 munere
1221 401 1374 442 functae
1393 415 1473 441 non
1495 401 1590 450 sint,
1611 400 1797 442 servandi

363 468 443 509 scil.
465 468 638 509 militum
659 469 806 524 copiaS.
852 469 1029 510 Omnino
1049 468 1168 510 etiam
1186 469 1303 511 ἄναες
1323 471 1413 510 νᾶες
1431 467 1687 523 interpretari
1704 468 1799 508 licet

363 536 563 589 ‘infizustae
581 550 723 584 ‘na-vex,
745 543 791 576 ut
811 536 958 589 ἄγαμος
976 535 1099 588 γάμος
1118 535 1316 589 iogflzustae
1334 535 1503 589 παρήιε.
1537 535 1664 575 SCH.
1714 535 1799 574 Pro

364 602 492 643 altero
513 602 628 644 ἄναες
646 602 687 642 in
709 603 819 643 A.B.
841 602 1010 657 aliisque
1030 600 1234 641 nonnullis
1258 610 1298 641 et
1319 600 1426 641 Rob.
1459 603 1549 643 νᾶες
1578 601 1796 656 scriptum:

366 667 435 709 sed
458 669 574 710 ἄναες
596 669 659 709 Μ.

425 735 520 775 681.
550 734 689 788 πιστὰ]
711 737 844 775 πολλὰ
863 734 976 774 Rob.
1028 733 1264 784 Scholiasta,
1285 733 1314 774 ὦ
1340 735 1461 775 πιστὰ
1488 732 1710 786 γεννήματα
1739 733 1802 773 καὶ

369 801 587 853 ἆνατροφαὶ
621 801 799 853 πατέρων
831 804 980 841 πιστῶν
1010 802 1108 853 ε’μοὶ,
1143 801 1172 841 ὦ
1205 802 1248 841 ἐκ
1278 804 1426 840 πιστῶν
1459 799 1635 852 πατέρων
1670 798 1803 840 πιστοὶ

368 868 457 907 υἱοί.

426 934 521 983 684.
541 933 626 987 τὴν]
648 931 750 984 τήνδ’
773 932 1052 982 Blomfieldus‚
1069 933 1300 988 conjectura
1319 932 1535 988 probabili.

426 999 553 1051 τάφου
572 999 697 1041 πέλας
717 998 898 1039 Α.Β.Μ.
918 998 1080 1054 aliique.
1111 998 1235 1042 πέλας
1253 999 1386 1052 πάφου
1405 999 1544 1053 vulgo.

429 1066 525 1119 685.
555 1066 769 1117 πρευμενὴς
799 1066 863 1106 Μ.
893 1065 1086 1106 Cantabr.
1117 1065 1333 1115 secundus,
1364 1064 1506 1106 Guelf.
1538 1064 1647 1105 Rob.
1674 1072 1715 1104 et
1740 1081 1802 1117 γρ.

370 1131 482 1171 Α.Β.
512 1135 738 1184 πρευμενεῖς
757 1130 895 1185 vulgo.

430 1198 526 1250 687.
559 1197 833 1253 ψυχαγωγοῖς]
857 1196 977 1237 Plato
998 1198 1129 1252 Legg.
1157 1210 1218 1237 10.
1239 1212 1280 1252 p.
1302 1198 1397 1249 674.
1420 1198 1467 1237 C.
1489 1197 1574 1240 τοὺς
1593 1200 1804 1239 τεθνεῶτας

374 1263 593 1315 φάσκοντες
611 1268 882 1316 ψυχαγωγεῖν.
931 1263 1079 1318 Eurip.
1102 1263 1195 1304 Alc.
1222 1277 1238 1304 1
1251 1277 1341 1318 131.
1362 1264 1421 1304 Οὐ
1440 1263 1685 1316 ψυχαγωγὸν
1702 1261 1803 1303 τόνδ’

374 1329 542 1380 ἐποιήσω
561 1330 685 1379 ξένον.
717 1329 787 1370 ubi
809 1329 933 1370 schol.
954 1330 1385 1383 ψυχαγωγοὶ-οἵτινες
1414 1333 1620 1382 καθαρμοῖς
1644 1346 1723 1370 τισι
1743 1329 1805 1369 καὶ

374 1397 565 1449 γοητείαις
583 1398 631 1436 τὰ
652 1398 794 1437 εἴδωλα
814 1396 1008 1448 ἐπάγουσί
1023 1413 1067 1437 τε
1088 1397 1149 1436 καὶ
1169 1395 1362 1448 ἐξάγουσι.
1396 1396 1621 1451 AEschylus
1641 1395 1806 1451 scripse-

372 1471 437 1503 rat
458 1462 697 1517 tragoediam
719 1462 784 1503 cui
809 1462 953 1503 titulus
972 1463 1219 1515 Ψυχαγωγοί,
1240 1462 1291 1502 de
1311 1477 1394 1517 qua
1412 1462 1500 1502 haec
1529 1462 1651 1503 habet
1671 1461 1804 1517 Phry-

371 1528 516 1569 nichus
545 1528 586 1568 in
614 1528 792 1569 Bekkeri
812 1529 973 1570 Anecd.
1003 1544 1044 1584 p.
1068 1540 1134 1583 73,
1161 1541 1225 1569 10.
1247 1529 1498 1582 Ψυχαγωγός.
1529 1530 1566 1568 οἳ
1590 1530 1663 1579 μὲν
1687 1527 1805 1569 Ἀλε-

374 1598 549 1647 ξανδρεῖς
581 1595 650 1636 τὸν
683 1599 759 1636 τῶν
791 1597 938 1636 παίδων
974 1594 1280 1647 ἀνδραποδιστὴν
1318 1596 1437 1637 οὕτως
1475 1598 1673 1642 καλοῦσιν,
1707 1597 1744 1635 οἱ
1774 1597 1805 1635 δ’

375 1662 530 1715 ἀρχαῖοι
559 1662 647 1704 τοὺς
680 1663 748 1704 τὰς
781 1664 915 1715 ψυχὰς
948 1665 1024 1702 τῶν
1056 1662 1294 1712 τεθνηκότων
1327 1661 1520 1713 γοητείαις
1553 1678 1656 1702 τισιν
1686 1662 1805 1714 ἄγον-

375 1745 455 1771 τας.
488 1731 554 1779 τῆς
589 1729 702 1778 αὐτῆς
734 1729 886 1771 ἐννοίας
919 1728 981 1768 καὶ
1014 1727 1058 1768 τὸ
1092 1728 1294 1780 Αἰσχύλου
1325 1727 1368 1767 τὸ
1404 1730 1527 1779 δρᾶμα
1559 1728 1805 1780 Ψυχαγωγοί.

376 1795 604 1835 BLOMF.

431 1861 685 1915 ὀρθιάζοντες]
720 1861 948 1902 Clamorem
983 1861 1153 1901 edentes.
1211 1859 1398 1915 Choeph.
1429 1861 1522 1913 269.
1555 1859 1808 1912 κάξορθιάζων

375 1926 521 1968 πολλά.
554 1927 670 1968 Infra
696 1938 814 1982 1051.
836 1928 1037 1979 ἐπορθίαζε
1057 1930 1127 1967 νῦν
1146 1928 1264 1978 γόοις.
1297 1928 1448 1981 Agam.
1472 1938 1536 1980 29.
1556 1925 1808 1979 Ὀλολυγμὸν

378 1994 623 2046 εὐφημοῦντα
642 1997 733 2050 τῇδε
752 1993 924 2046 λαμπάδι
950 1992 1230 2045 Ἐπορθιάζειν.
1281 1992 1350 2033 Cf.
1370 1992 1468 2033 ibid.
1495 2004 1614 2033 1122.
1637 1993 1806 2048 Harpo-

377 2069 476 2101 crat.
511 2059 784 2112 Ἀνωρθίαζον.
823 2059 1061 2109 Ἀνδοκίδης,
1095 2060 1181 2099 ἀντὶ
1210 2063 1277 2099 τοῦ
1313 2060 1444 2110 ὄρθιον
1462 2062 1634 2109 βοῶντες
1654 2058 1807 2111 ἔλεγον.

377 2126 606 2166 BLOMF.
655 2117 897 2179 ῥοθιάζοντες
917 2127 981 2166 Μ.
1005 2135 1044 2165 et
1065 2140 1134 2165 sex
1153 2125 1219 2165 alii
1238 2125 1356 2165 codd.
1377 2135 1418 2165 et
1438 2124 1540 2165 Ald.
1563 2126 1696 2164 Turn.

435 2192 531 2232 688.
563 2193 763 2246 καλεῖσθε]
788 2194 992 2232 καλεῖσθαι
1013 2191 1080 2230 Μ.
1126 2194 1279 2231 καλεῖτε
1298 2190 1454 2245 aliquot
1474 2190 1591 2230 codd.
1613 2199 1652 2230 et
1675 2192 1807 2231 Turn.

380 2259 431 2298 In
464 2261 649 2299 καλεῖσθε
667 2258 924 2299 consentiunt
943 2256 1156 2297 scholiasta
1178 2266 1219 2297 et
1244 2256 1455 2297 scholiasta
1475 2256 1648 2297 Hesiodi
1670 2257 1808 2297 Theo-

377 2339 471 2380 gon.
497 2335 592 2377 772.

436 2389 631 2444 εὐέξοδον]
662 2392 840 2431 Exitum
855 2390 1033 2443 fhcilem
1063 2389 1227 2429 habens.
1269 2388 1515 2429 Theocritus
1551 2390 1640 2441 (seu
1674 2389 1812 2444 potius

379 2467 499 2513 poeta
521 2457 687 2498 Ionicus
706 2457 823 2510 cujus
842 2470 1001 2496 carmen
1023 2464 1082 2496 est
1102 2455 1207 2495 inter
1222 2454 1466 2495 Theocritea
1491 2467 1552 2505 12,
1574 2457 1657 2509 19.)
1679 2455 1813 2506 ἀνέξο-

380 2528 449 2574 δον
470 2526 524 2566 εἷς
541 2522 770 2576 Ἀχέροντα.
816 2521 996 2562 Philetas
1023 2537 1090 2577 ap.
1113 2521 1228 2562 Stob.
1256 2533 1348 2573 117.
1379 2536 1421 2576 p.
1441 2535 1538 2575 599.
1559 2522 1730 2574 ἀτραπὸν
1757 2524 1812 2565 εἰς

378 2590 516 2632 Ἀΐδεω
539 2589 714 2636 ”Ηνυσα,
735 2589 806 2639 τὴν
825 2590 929 2629 οὔπω
956 2605 1012 2630 τις
1041 2590 1217 2629 ἐναντίον
1236 2588 1357 2638 ἢλθεν
1377 2589 1514 2639 ὁδίτης.
1572 2590 1811 2630 Anacreon-

381 2657 459 2697 tica
488 2656 586 2697 ibid.
628 2655 767 2696 Ἀΐδεω
798 2655 873 2708 γάρ
901 2656 986 2695 ἐστι
1017 2654 1144 2696 δεινὸς
1170 2655 1320 2707 Μυχός·
1353 2654 1526 2706 ἀργαλέη
1561 2655 1594 2694 δ’
1624 2656 1664 2697 ἐς
1694 2655 1812 2696 αὐτὸν

382 2722 568 2765 Κάθοδος·
599 2724 755 2774 καὶγὰρ
777 2723 929 2773 ἕτοιμον
959 2719 1184 2771 Καταβάντι
1206 2721 1258 2772 μὴ
1278 2722 1483 2771 ἀναβῆναι.
1543 2722 1648 2762 Haec
1676 2721 1812 2762 omnia

379 2804 472 2830 cum
502 2789 645 2844 Vin-gil.
668 2789 766 2828 AEn.
789 2789 831 2837 6,
858 2788 949 2828 128.
973 2787 1060 2842 jam
1089 2786 1183 2827 olim
1214 2795 1519 2842 comparaverat
1549 2788 1599 2828 F.
1621 2788 1810 2829 Ursinus.

383 2854 586 2895 Stanleius
614 2854 729 2894 addit
751 2853 901 2894 Catulli
921 2866 963 2907 3,
990 2865 1053 2894 12.
1074 2853 1182 2900 Illic,
1203 2853 1312 2893 unde
1339 2859 1497 2908 negant
1523 2855 1659 2894 redire
1686 2868 1810 2909 quen-

381 2935 515 2977 quam.
567 2920 714 2976 Adjice
735 2919 925 2975 Antipat.
953 2918 1099 2960 Sidon.
1126 2932 1215 2960 110.
1253 2921 1292 2963 ἐς
1319 2921 1394 2973 γὰρ
1414 2920 1627 2972 ἄκαμπτον,
1647 2919 1714 2962 Ἐς
1741 2920 1811 2961 τὸν
