1898 3256
358 219 444 261 286
834 220 1329 261 ANNOTATIONES

415 332 510 386 643.
533 330 641 385 ἰόντ’]
664 329 752 371 ἷέντ’
776 332 825 373 C.
847 340 886 371 et
907 348 969 384 γρ.
992 332 1041 371 Β.

416 399 508 439 ἰόντ’
546 397 718 438 αἰνέσατ’
750 399 792 439 ἐκ
830 399 971 453 δόμων]
1019 398 1073 439 Id
1110 406 1192 438 est:
1232 396 1414 438 αἰνέσατε
1446 395 1545 437 ἰέναι
1579 397 1621 437 ἐκ
1652 397 1790 447 δόμων·

352 465 579 520 permittite
608 466 748 510 avire,-
779 465 986 505 concedite
1015 473 1062 505 ut
1087 473 1205 505 exeat
1229 480 1251 504 e
1275 463 1464 504 domibus
1491 462 1644 503 vestris.
1695 464 1793 503 Per-

357 545 494 587 peram
517 531 637 571 vertit
656 530 875 586 interpres:
907 532 1100 571 celebrate
1119 531 1221 570 mila·
1237 545 1257 571 e
1276 531 1460 570 domibus
1481 530 1628 570 vestris
1643 542 1790 569 exeun-

359 604 448 639 tem.
481 599 749 639 BRUNCK.

416 666 653 720 643—660.
675 666 825 705 Versus
853 666 893 705 in
916 664 1016 705 Ald.
1045 664 1101 706 sic
1131 663 1246 705 divisi
1276 662 1426 704 ἷόντ’-
1451 662 1457 719 Ι
1484 663 1632 704 θεὸν-
1656 661 1663 717 Ι
1691 665 1792 714 Περ-

359 731 483 773 σὶς-
507 734 515 783 Ι
539 731 563 782 ἢ
606 734 722 784 φίλος
761 732 914 784 ἀνῆρ-
941 731 945 786 Ι
972 733 1128 784 φίλα-
1153 732 1158 786 Ι
1184 730 1446 772 Ἀῖδωνεὺς-
1471 729 1476 785 Ι
1503 731 1647 780 ἀνίη-
1672 727 1679 783 Ι
1704 730 1792 769 οὔτε

358 800 496 850 γᾶρ-
521 797 526 851 Ι
552 799 971 850 πολεμοφθόροισιν-
998 797 1005 853 Ι
1033 797 1314 849 θεομήστωρ-
1342 797 1349 851 Ι
1375 798 1404 837 δ’
1427 796 1605 836 ἔσκεν-
1629 794 1635 851 Ι
1659 795 1794 846 βαλὴν

357 888 414 894 —-
439 863 445 919 Ι
473 863 612 905 ἔλθ’-
638 864 644 920 Ι
669 865 842 907 ποδὸς-
867 863 873 920 Ι
898 865 1174 915 βασιλείου-.

415 934 511 983 644.
536 932 714 986 Περσᾶν]
736 936 904 984 Περσῶν
922 931 1078 986 aliquot
1097 929 1218 970 codd.

415 1000 510 1052 645.
530 998 701 1050 πέμπετε
721 999 769 1053 δ’]
789 999 980 1050 πέμπεται
1001 997 1030 1039 δ’
1054 999 1118 1037 Μ.
1149 995 1307 1048 πέμπετ’
1330 997 1440 1036 Rob.

414 1067 510 1117 646.
542 1067 643 1106 Post
673 1064 875 1118 ἐκάλυψεν
894 1065 935 1105 in
958 1064 1058 1106 Ald.
1083 1065 1217 1104 Turn.
1239 1062 1389 1118 legitur
1407 1062 1431 1113 ἢ
1451 1064 1567 1115 φίλος
1595 1077 1645 1103 ex
1672 1077 1791 1103 versu

357 1131 544 1188 proximo
563 1131 795 1187 repetitum.

415 1200 637 1252 647—652
646 1218 687 1235 =
697 1200 776 1253 653
787 1222 828 1230 -
837 1199 930 1253 657·

373 1311 376 1313 ,
415 1265 512 1317 648.
535 1266 632 1317 ἀνὴρ
653 1264 880 1305 Burneius:
914 1265 1009 1317 ἀνὴρ
1030 1263 1168 1319 vulgo.

415 1333 533 1385 φίλος
553 1333 669 1385 ὄχθος
690 1332 916 1372 Burneius:
948 1331 972 1383 ἢ
993 1333 1109 1385 φίλος
1129 1333 1247 1384 ὄχθος
1265 1329 1370 1371 libri.

414 1398 547 1452 ὄχθος]
569 1400 687 1451 ὄχθος
707 1397 833 1450 τάφου
853 1398 1008 1453 aliquot
1028 1399 1148 1439 codd.
1170 1408 1210 1439 et
1230 1397 1331 1438 Ald.
1354 1399 1490 1438 Turn.

415 1466 440 1505 6
441 1475 509 1519 50.
533 1465 775 1519 ἀναπομπὸς]
798 1465 1110 1517 ἀποπομπὸς,Μ.

414 1531 558 1585 ἀνείης]
590 1531 706 1571 Libri
729 1531 910 1586 plerique
930 1532 992 1572 vel
1012 1534 1124 1583 ἀνίει,
1144 1531 1255 1588 quod
1276 1542 1336 1572 est
1356 1531 1395 1572 in
1419 1533 1474 1572 A.
1498 1533 1557 1585 (et
1576 1549 1638 1584 γρ.
1659 1531 1729 1584 Β.)
1751 1540 1793 1572 et

359 1599 511 1648 Turn.‚
534 1599 597 1639 vel
618 1600 720 1650 ἀνίη,
741 1600 853 1653 quod
883 1609 943 1639 est
973 1599 1012 1639 in
1044 1600 1093 1640 B.
1120 1608 1159 1639 et
1182 1598 1283 1639 Ald.
1305 1599 1412 1639 Rob.
1436 1599 1484 1639 ἂν
1506 1600 1562 1649 ε’ίη
1580 1599 1646 1638 Μ.
1669 1608 1709 1639 et
1729 1615 1789 1651 γρ.

357 1667 414 1707 Α.
460 1667 590 1706 Recte
610 1666 739 1716 ἀνείης
760 1665 994 1706 Brunckius
1014 1681 1062 1706 ex
1083 1666 1140 1721 gl.
1163 1666 1202 1706 in
1223 1669 1279 1706 A.
1298 1665 1503 1721 adscripto
1519 1667 1598 1706 ε’ίθε
1618 1664 1790 1717 ἀναπέμ-

356 1750 454 1776 ποις.
490 1734 548 1773 Et
569 1734 698 1782 ἀνείης
717 1732 806 1772 cod.
828 1734 956 1773 Paris.
977 1732 1094 1780 alius,
1117 1733 1147 1772 si
1168 1733 1268 1773 fides
1289 1733 1452 1773 Faehsio
1471 1748 1512 1788 p.
1539 1734 1627 1788 136.
1669 1733 1791 1782 Quod

358 1809 450 1855 post
479 1799 558 1840 hoo
583 1799 752 1839 verbum
784 1799 934 1854 legitur
963 1799 1182 1847 Ἀϊδωνεὺς,
1214 1815 1263 1840 ex
1289 1801 1346 1840 A.
1376 1800 1568 1841 Cantabr.
1602 1809 1792 1855 utroque,

359 1868 497 1922 Mosq.
538 1877 578 1907 et
611 1867 745 1908 Viteb.
780 1866 980 1916 additum,
1017 1866 1261 1921 videturque
1291 1866 1411 1907 etiam
1443 1866 1484 1906 in
1522 1868 1586 1906 M.
1622 1877 1789 1908 exstare.

358 1935 443 1974 Pro
462 1949 510 1974 eo
529 1933 715 1974 Ἀϊδωνεῦ
734 1942 795 1973 est
813 1933 853 1973 in
877 1933 1016 1974 Guelf.

415 2002 513 2055 652.
559 2000 658 2054 οἷον]
705 2017 765 2052 γρ.
815 2000 899 2041 οῖον
948 2001 997 2050 B,
1048 1999 1190 2040 addito
1226 2000 1282 2055 gl.
1330 2001 1462 2051 μόνον.
1509 1999 1659 2039 Versus
1706 2014 1790 2039 cor-

355 2077 517 2123 ruptus.

414 2136 498 2175 οῗον
524 2135 671 2174 ἄνακτα
702 2134 887 2187 Δαρεῖον]
920 2133 1136 2188 Vulgatam
1165 2132 1406 2188 scripturam
1432 2132 1613 2183 exhibui,
1639 2148 1664 2173 a
1691 2134 1792 2173 Por-

358 2216 456 2242 sono
474 2200 592 2241 obelo
611 2209 805 2240 notatam.
842 2202 1015 2251 Δαρειᾶν
1034 2199 1074 2239 in
1095 2200 1174 2238 fine
1194 2199 1346 2240 habent
1363 2199 1457 2239 edd.
1479 2207 1577 2239 vett.
1620 2204 1790 2252 Δαρεῖον

358 2267 541 2308 Brunck.
588 2266 822 2307 Scholiastae
851 2268 984 2321 glossa
1012 2275 1085 2314 est,
1115 2266 1183 2306 τὸν
1205 2270 1374 2318 Δαρεῖον
1399 2265 1585 2317 βασιλέα,
1608 2267 1692 2306 οἷον
1721 2266 1791 2307 τὸν

359 2335 420 2375 καὶ
441 2335 614 2385 Δαρειὰν
635 2334 887 2384 καλούμενον,
906 2332 1015 2373 unde
1035 2331 1295 2388 perspicuum
1317 2342 1376 2372 est
1397 2347 1488 2372 eum
1511 2332 1609 2372 nihil
1625 2333 1791 2373 omnino

357 2400 518 2441 vidisse.
570 2399 743 2454 Subjicit
772 2409 923 2447 autem,
954 2400 1097 2446 ἄλλως,
1124 2399 1192 2439 τὸν
1217 2400 1339 2450 μόνον
1367 2400 1580 2451 γενόμενον
1601 2398 1788 2450 βασιλέα,

357 2467 467 2524 quod
499 2466 755 2507 referendum
787 2475 847 2506 est
875 2466 927 2506 ad
957 2481 994 2505 v.
1020 2465 1048 2507 l.
1078 2466 1173 2513 οἶον,
1206 2467 1247 2505 in
1274 2465 1433 2506 scholiis
1462 2466 1644 2507 codicum
1676 2468 1788 2508 A.B.

357 2543 632 2576 memoratam.
665 2533 893 2573 BLOMF.
951 2532 1185 2573 Scholiastae
1205 2532 1412 2573 annotatio
1431 2533 1588 2588 integra
1609 2534 1694 2575 haec
1714 2546 1789 2584 est,

358 2604 379 2642 ὁ
408 2601 615 2643 Ἀϊδωνεὺς
644 2601 686 2640 δὲ
711 2602 731 2640 ὁ
759 2601 985 2651 ἀναπομπὸς
1014 2604 1089 2640 τῶν
1109 2604 1253 2652 νεκρῶν
1274 2601 1373 2641 ἀνίει
1396 2601 1471 2655 (sic
1493 2601 1685 2656 Stephani
1706 2602 1790 2642 edi-

358 2670 437 2711 tio:
471 2669 558 2718 ἇνίη
580 2667 709 2720 Rob.)
733 2668 794 2707 καὶ
815 2665 1041 2720 ἀναπέμψει
1062 2667 1123 2707 καὶ
1141 2668 1334 2708 ἀναδώσει
1353 2670 1418 2717 τῆς
1438 2670 1508 2720 γῆς
1532 2668 1599 2709 τὸν
1620 2673 1790 2721 Δαρεῖον

357 2733 545 2787 βασιλέα,
581 2735 665 2774 οἷον
698 2733 767 2774 τὸν
810 2733 872 2773 καὶ
907 2735 1079 2785 Δαρειᾶν
1114 2731 1362 2784 κεκλημένον.
1413 2732 1473 2775 *H
1508 2734 1577 2785 τὴν
1617 2738 1790 2787 Δαρείαν

360 2803 555 2855 (Δαρειᾶν
575 2800 703 2852 Rob.)
725 2800 860 2852 ψυχὴν
880 2798 1104 2852 ἀιάπέμψει
1130 2802 1150 2840 ὁ
1174 2799 1321 2851 ’Άιδηςκ
1353 2804 1464 2841 τοῦτο
1485 2801 1639 2852 ἔξωθεν.
1692 2804 1786 2856 (Se-

358 2869 526 2925 quentia
544 2882 624 2908 om.
647 2867 777 2922 Rob.)
804 2868 976 2910 Ἀλλως.
1008 2867 1077 2908 τὸν
1095 2869 1218 2920 μόνον
1239 2869 1451 2920 γενόμενον
1468 2868 1643 2919 βασιλέα
1663 2872 1725 2911 διὰ
1743 2871 1787 2911 τὸ

359 2936 618 2988 κηδεμονικόν.
650 2934 752 2976 ἔοικε
771 2936 813 2976 δὲ
834 2936 854 2976 ὁ
877 2938 1042 2987 Δαρεῖος
1062 2936 1124 2976 καὶ
1145 2937 1317 2987 Δαρειὰν
1337 2933 1540 2988 λέγεσθαι.
