1898 3256
526 793 1143 850 PROMETHEUS.

455 987 507 1036 C.
530 987 589 1035 G.
608 986 846 1035 Schuetzz'i
868 986 1212 1050 Proleyomena.

103 1269 558 1324 PROMETHEUS
591 1280 821 1322 secundum
851 1281 1086 1322 Hesiodum
1120 1280 1255 1337 Iapeti
1286 1290 1327 1322 et
1353 1280 1577 1337 Clymenes

102 1347 356 1390 Oceanitidis
374 1348 484 1390 filius
499 1349 620 1390 fuita.
686 1348 982 1405 Genealogiam
1005 1348 1096 1404 ejus
1117 1348 1225 1390 idem
1248 1348 1306 1389 ita
1326 1348 1519 1390 deducit:

191 1415 337 1458 Coelus
459 1418 595 1458 Terra

339 1480 478 1520 *qs-³

165 1528 458 1630 .—--2'=-
787 1604 836 1630 ἡ

181 1635 386 1686 Oceanus,
419 1634 608 1684 Themis,
642 1635 827 1692 Iapetus,
947 1634 1149 1692 Clymene

747 1809 1072 1830 ᾤ...-

260 1822 401 1900 thas,
422 1852 670 1903 Menoetius,
694 1852 986 1903 Prometheus,
1006 1824 1294 1909 Epimethess.

109 1918 184 1960 Ab
213 1919 362 1975 Iapeto
391 1928 524 1975 patre,
546 1935 671 1976 quem
703 1929 745 1961 et
771 1919 840 1961 alii
868 1920 1097 1971 nominant,
1120 1936 1229 1978 saepe
1255 1938 1280 1963 a
1302 1921 1436 1978 poetis
1459 1923 1579 1978 Iape-

110 1986 285 2028 tionides
305 1987 579 2045 appellaturb.
642 1989 687 2030 Is
706 2002 803 2030 cum
823 1988 967 2030 ceteris
989 1988 1215 2031 Titanibus
1237 1990 1278 2031 in
1302 1991 1531 2031 Tartarum
1557 2006 1582 2031 a

111 2055 221 2096 Jove
240 2055 426 2112 dejectus
446 2071 533 2098 esse
552 2056 723 2097 ferturc.

169 2123 424 2180 Lycophron
460 2123 608 2174 tected‚
647 2125 828 2165 Tzetzes
863 2138 961 2165 vero
995 2123 1036 2165 in
1077 2125 1374 2167 commentario
1404 2125 1457 2166 ad
1492 2126 1583 2182 ejus

112 2190 387 2232 Cassandram
402 2191 568 2242 diserte,
585 2201 759 2234 matrem
773 2192 1012 2233 Promethei
1028 2193 1174 2234 Asiam
1192 2193 1319 2235 fuisse
1337 2202 1541 2236 testantur
1549 2203 1579 2235 Θ.

111 2257 397 2315 Apollodorus
426 2260 618 2316 quoquef
647 2259 879 2312 Atlantem,
915 2260 1230 2312 Prometheum,
1267 2262 1582 2319 Epimetheum,

115 2325 366 2368 Menoetium
389 2343 440 2369 ex
463 2329 613 2385 Iapeto
632 2337 674 2370 et
694 2327 799 2370 Asia
820 2328 974 2370 Oceani
995 2328 1080 2370 filia
1101 2339 1219 2371 natos
1240 2345 1327 2371 esse
1348 2340 1502 2372 narrat.

171 2394 402 2452 AEsebylus
421 2411 521 2438 vero
540 2405 659 2453 patre
679 2412 761 2439 non
782 2396 994 2439 nominato
1015 2408 1186 2439 matrem
1211 2398 1450 2440 Promethei
1469 2399 1586 2441 The-

114 2462 265 2504 midem
287 2462 400 2505 facit.

170 2531 295 2572 Uxor
331 2532 571 2574 Promethei
611 2532 824 2574 Hesioneg
856 2533 1025 2584 dicitur,
1058 2533 1123 2575 vel
1158 2534 1430 2582 Axiotheah;
1476 2534 1587 2576 filius

115 2597 360 2641 Deucalion.
405 2600 515 2642 Ister
537 2616 634 2642 vero
653 2601 696 2642 in
718 2600 824 2643 libro
844 2601 896 2643 de
917 2602 1077 2643 colonia
1101 2601 1404 2659 AEgyptiorum
1430 2602 1583 2643 Isidem

115 2665 150 2722 ej
159 2681 207 2707 us
226 2665 351 2707 filiam
368 2667 496 2709 fuisse
514 2667 731 2709 narraviti.

91 2835 93 2837 -
160 2823 178 2842 a
195 2816 316 2858 Theog.
334 2827 364 2847 v.
382 2826 456 2857 510.
546 2819 564 2842 b
582 2818 713 2850 Hesiod.
731 2819 816 2860 Opp.
836 2827 887 2860 54.
915 2819 1038 2860 Theog.
1058 2821 1131 2859 528.
1223 2827 1238 2845 0
1254 2820 1388 2852 Homer.
1407 2821 1446 2852 ll.
1466 2822 1499 2858 8,
1512 2830 1588 2863 479.

117 2871 135 2896 d
153 2871 339 2902 Cassandrae
354 2881 385 2901 v.
401 2871 493 2910 1283.
627 2879 644 2897 e
660 2872 715 2904 Ad
731 2884 761 2903 v.
778 2874 870 2912 1283.
1004 2873 1018 2898 f
1032 2873 1117 2904 Bibl.
1136 2883 1161 2912 ι,
1181 2881 1210 2913 2,
1229 2883 1258 2914 3.
1406 2882 1427 2907 ε
1443 2876 1588 2918 AEschyl.

118 2924 225 2956 Prom.
240 2935 273 2956 v.
291 2924 424 2957 'rzetzes
440 2926 480 2956 ad
498 2925 576 2967 Lyc.
591 2927 684 2966 1283.
896 2927 916 2952 h
935 2927 1068 2959 Tzetzes
1083 2927 1105 2958 l,
1120 2927 1141 2958 l.
1346 2930 1356 2954 i
1374 2929 1475 2962 Clem.
1493 2930 1588 2962 Alex.

116 2979 235 3010 Strom.
252 2987 279 3009 ι.
297 2989 327 3019 p.
345 2987 420 3018 322.
439 2979 483 3010 D.
501 2981 551 3011 ed.
569 2979 655 3021 Sylb.
