1898 3256
583 220 674 262 AD
706 218 1186 262 PROMETHEUM.
1564 219 1622 265 67

154 328 326 381 εὐηλίοις
345 330 390 371 ἑν
409 329 631 383 ἁμέραισιν,
658 329 732 372 ubi
757 329 982 386 legendum
1014 330 1195 374 εὖείλοις.
1247 323 1338 372 Vid.
1362 331 1529 372 Dawes.
1544 331 1620 373 M.

154 397 203 438 C.
235 411 278 453 p.
300 398 395 451 269.
417 407 458 439 et
490 395 637 438 Kiddii
667 406 809 439 notata
837 411 880 454 p.
903 397 1031 452 483.”
1061 397 1294 440 BLOMF.
1355 397 1492 454 Apud
1523 399 1621 440 Ari-

151 463 396 520 stophanem
430 473 542 506 recte
575 463 659 521 legi
689 464 862 516 εὐηλίοις
894 475 1074 507 metrum
1109 465 1313 507 ostendit:
1347 465 1619 522 quamobrem

153 532 305 575 εὕειλος
321 531 374 572 ad
395 530 523 572 alium
543 531 681 573 locum
703 531 966 574 referendum
986 532 1166 584 videtur,
1188 533 1296 574 inter
1314 532 1549 589 fragmenta
1566 532 1621 574 ab

153 613 219 641 me
239 599 418 656 positum
443 601 539 655 613.

207 667 328 723 ᾖσαν]
345 667 442 709 ἴσαν
461 667 563 709 Ald.
587 668 699 710 Rob.
724 669 866 709 Turn.
889 667 1035 724 steph.
1068 669 1314 709 Cot-rectum
1336 683 1389 709 ex
1408 668 1622 711 codicibus

152 734 352 790 plurimis.

209 814 310 858 452.
343 803 579 859 κατώρυχες]
601 804 657 844 In
687 802 864 858 defossis
888 804 1107 859 specubus,
1134 812 1183 845 ut
1208 804 1266 846 ait
1286 803 1497 861 Virgilius.
1560 807 1621 848 Si-

152 870 289 912 milem
309 871 396 912 fere
416 870 733 927 descriptionem
759 869 858 911 vitae
888 871 1215 928 primigenorum
1249 872 1462 915 hominum
1494 874 1622 916 habet

154 939 346 980 Moschio
374 939 416 980 in
452 939 570 980 Stob.
609 938 702 980 Ecl.
737 938 866 995 Phys.
894 951 956 980 11.
990 939 1014 991 ἧ
1045 940 1122 993 γάρ
1155 940 1241 982 ποτ’
1271 942 1368 983 αἰὼν
1405 946 1532 986 κεῖνος
1557 943 1619 995 ἦν,

152 1007 319 1058 ὁπηνίκα
339 1007 496 1059 Θηρσὶν
517 1007 666 1050 διαίτας
686 1006 797 1059 εἶχον
824 1007 1010 1059 ἐμφερεῖς
1038 1007 1192 1059 βροτοὶ,
1212 1006 1423 1061 Ὀρειγενῆ
1444 1009 1622 1060 σπήλαια

153 1072 215 1113 καὶ
237 1074 448 1123 δυσηλίους
477 1072 696 1126 Φάραγγας
726 1073 965 1116 ἐνναίοντες·
998 1073 1150 1115 οὐδέπω
1174 1076 1252 1127 γὰρ
1280 1074 1330 1126 ἦν
1350 1076 1456 1116 Οὔτε
1475 1075 1620 1129 στεγή-

151 1157 222 1192 ρης
251 1140 369 1188 οἶκος,
392 1141 483 1182 οὔτε
508 1140 663 1183 λαΐνοις
685 1141 832 1192 Εὐρεΐα
860 1141 1024 1194 πύργοις
1053 1142 1290 1197 ὠχυρωμένη
1319 1142 1436 1188 πόλις
1466 1162 1498 1185 κ.
1521 1162 1555 1186 τ.
1576 1150 1620 1185 λ.

153 1209 326 1249 Lucret.
356 1220 400 1263 5,
430 1221 526 1263 929.
562 1208 786 1265 ‚Multaque
807 1223 891 1265 per
919 1209 1064 1249 coelum
1095 1210 1195 1251 solis
1227 1211 1439 1252 volventia
1467 1211 1618 1262 lustra,

158 1277 392 1333 Volgi-uago
413 1277 544 1317 vitam
566 1277 804 1317 tractabant
824 1290 936 1317 more
937 1277 1159 1331 ιῙῑὲναντιήι,
1181 1286 1258 1319 etc.
1291 1279 1527 1321 BLOMF.

208 1344 373 1397 ἀήσυροι
391 1359 417 1384 a
436 1359 500 1400 pr.
524 1359 650 1385 manu
674 1345 741 1384 M.
759 1345 896 1385 Turn.
917 1354 958 1385 et
974 1345 1172 1386 Eustath.
1194 1361 1234 1402 p.
1256 1356 1380 1401 1500,
1398 1347 1466 1389 28.
1493 1358 1618 1402 1547,

153 1424 220 1454 21.
251 1413 429 1465 ἀείσυροι
458 1411 560 1452 Ald.
579 1411 690 1452 Rob.
715 1411 861 1468 Steph.
881 1421 922 1453 et
942 1411 1102 1453 codices
1131 1412 1295 1469 reliqui,
1317 1413 1402 1455 'nisi
1432 1415 1547 1471 quod
1577 1415 1619 1456 in

152 1480 266 1520 A.B.
283 1479 608 1536 suprascriptum
627 1479 807 1532 ἀήσυροι.
840 1485 868 1504 “
882 1478 1088 1533 Ἀήσυρος.
1114 1481 1254 1522 Levis.
1272 1483 1454 1524 Parvus.
1475 1483 1620 1534 Ἀήσυ-

149 1563 234 1601 ρον·
267 1552 430 1601 κοΰφον,
454 1549 648 1601 ἐλαφρόν.
680 1547 868 1604 Hesych.
886 1548 1068 1595 ἀσθενὲς,
1091 1547 1220 1589 κε’νον·
1252 1549 1350 1590 ἔνιοι
1370 1554 1533 1604 κοῦφον,
1554 1550 1618 1593 ὑπ’

153 1617 273 1669 αὔρας
292 1614 529 1669 φερόμενον.
560 1616 748 1672 Etymol.
767 1616 833 1656 M.
854 1630 895 1671 p.
915 1626 984 1670 23‚
999 1627 1067 1655 20.
1089 1615 1305 1671 Apollonii
1323 1617 1426 1659 Lex.
1442 1619 1618 1661 Homer.

151 1684 364 1737 Ἀήσυρον.
387 1688 551 1738 κοῦφον.
580 1684 626 1725 τὸ
655 1683 741 1725 οἶόν
768 1700 811 1725 τε
839 1683 915 1724 ὑπὸ
939 1682 1087 1734 ἀνέμου
1108 1684 1311 1737 σύρεσθαι,
1333 1685 1513 1728 τουτέστι
1541 1687 1619 1728 ὑπὸ

152 1755 218 1804 τῆς
247 1752 365 1804 ἀήτης
393 1755 460 1803 τῆς
489 1751 635 1804 ἀνέμου
664 1754 797 1802 πνοῆς.
829 1750 972 1807 Apoll.
996 1750 1140 1792 Rhod.
1166 1765 1204 1802 2,
1231 1766 1351 1808 1103.
1373 1754 1530 1795 Τυτθὸν
1557 1753 1617 1796 ἐπ’

153 1820 426 1873 ἀκροτάτοισιν
446 1818 615 1872 ἀήσυρος
636 1817 936 1872 ἀκρεμόνεσσιν,
960 1818 1031 1860 ubi
1053 1818 1177 1861 schol.
1201 1820 1395 1874 Ἀήσυρος
1414 1822 1458 1862 δὲ
1478 1823 1499 1862 ὁ
1522 1824 1617 1864 ἐλα-

152 1892 262 1941 φρῶς
289 1887 435 1929 πνέων
467 1887 544 1928 ἀπὸ
574 1890 644 1928 τοῦ
673 1888 729 1928 ἄω
761 1886 805 1927 τὸ
835 1886 954 1928 πνέω.
986 1887 1155 1943 quicum
1184 1889 1388 1930 consentit
1418 1889 1616 1931 Eustath.

152 1972 195 2013 p.
221 1969 238 1996 Ι
243 1966 345 2011 547,
369 1967 437 1997 21.
471 1954 635 1996 Suidas.
656 1953 869 2007 Ἀήσυρον.
900 1954 944 1995 τὸ
964 1954 1126 1996 λεπτόν.
1158 1955 1202 1997 τὸ
1222 1956 1421 2010 μετέωρον
1442 1957 1505 1998 καὶ
1533 1962 1620 1999 κοῦ-

152 2030 247 2077 φον.
278 2023 322 2065 τὸ
349 2021 542 2077 ἐλαφρόν.
573 2024 680 2076 παρὰ
709 2022 754 2063 τὸ
784 2022 870 2075 ἀέρι
890 2023 1092 2076 σύρεσθαι.
1125 2024 1190 2065 ε’πὶ
1213 2024 1375 2078 ὀρνέων.
1419 2024 1619 2079 Ἀήσυρον

152 2092 302 2146 κάμψει
330 2090 438 2146 γόνυ.
491 2091 558 2132 Cf.
581 2089 758 2132 Arnald.
783 2091 901 2132 Lect.
924 2091 1061 2133 Graec.
1093 2107 1135 2148 p.
1157 2093 1195 2133 6.
1218 2092 1446 2134 Ruhnken.
1478 2094 1615 2150 Epist.

153 2160 260 2201 Crit.
285 2174 320 2201 1.
343 2175 383 2216 p.
406 2159 499 2214 87.”
530 2159 763 2200 BLOMF.

209 2239 309 2283 453.
343 2229 388 2268 ἐν
421 2231 560 2281 μυχοῖς
587 2226 780 2282 ἀνηλίοις]
813 2226 879 2267 Sic
908 2226 1057 2284 Eurip.
1088 2228 1217 2268 Herc.
1247 2227 1278 2269 f.
1303 2228 1400 2269 608.
1429 2228 1560 2285 χρόνῳ
1586 2230 1616 2271 δ’

152 2297 332 2337 ἀνελθὼν
352 2294 399 2347 ἐξ
416 2296 591 2346 ἀνηλίων
610 2298 761 2348 μυχῶν.
794 2295 966 2336 PORS.

209 2375 309 2419 454.
339 2364 389 2415 ἣν
412 2362 443 2404 δ’
466 2363 597 2418 οὐδὲν]
629 2363 699 2404 οὐκ
729 2363 779 2414 ἧν
804 2365 880 2416 γὰρ
902 2361 1089 2403 Achilles
1109 2364 1210 2405 Tat.
1235 2364 1404 2420 Isagog.
1427 2363 1469 2405 in
1493 2366 1615 2406 Arat.

154 2431 300 2474 Phaen.
321 2448 356 2474 c.
379 2446 415 2473 1.
449 2433 621 2473 PORS.

208 2511 308 2555 457.
330 2499 517 2554 ἀντολὰς]
539 2500 737 2540 ἀνατολὰς
755 2497 915 2553 aliquot
935 2497 1059 2538 codd.

207 2569 308 2622 458.
328 2568 477 2622 δύσεις]
501 2569 614 2610 ὁδούς
636 2566 829 2607 Stobaeus
849 2564 997 2620 Eclog.
1020 2564 1139 2621 phyS.
1162 2564 1245 2606 vol.
1268 2579 1303 2606 1.
1328 2581 1369 2622 p.
1390 2580 1431 2618 4.

209 2648 307 2690 459.
338 2634 518 2689 ἀριθμὸν]
549 2634 870 2675 Arithmeticam
894 2632 1007 2683 dicit,
1025 2648 1150 2688 quam
1182 2633 1333 2675 artium
1366 2634 1618 2691 praestantis-

152 2702 296 2743 simam
327 2701 548 2742 censebant
580 2701 851 2757 Pythagorei,
871 2700 978 2741 inter
998 2716 1103 2756 quos
1123 2700 1352 2758 AEschylus
1382 2701 1517 2743 locum
1546 2705 1618 2746 ob-

150 2769 289 2819 tinuit,
317 2768 474 2824 duplici
504 2779 718 2824 respectu:
752 2770 798 2809 οὐ
824 2767 961 2819 μόνον,
989 2769 1049 2809 ὅτι
1077 2768 1231 2821 ἔφαμεν
1261 2769 1380 2820 αὐτὴν
1412 2771 1455 2811 ἐν
1482 2774 1528 2827 τῇ
1552 2775 1621 2812 τοῦ

154 2838 332 2891 τεχνίτου
353 2838 444 2877 θεοῦ
465 2837 617 2890 διανοίᾳ
636 2836 935 2888 προῦποστῆναι
962 2839 1038 2876 τῶν
1059 2836 1198 2876 ἄλλων
1218 2837 1366 2878 ὡσανεὶ
1385 2836 1512 2891 λόγον
1532 2841 1621 2880 τινὰ

153 2903 317 2957 κόσμιον
346 2905 409 2944 καὶ
435 2902 806 2956 παραδειγματικὸν,
829 2902 925 2954 πρὸς
952 2902 999 2944 ὃν
1030 2902 1331 2956 ἀπερειδόμενος
1361 2906 1382 2945 ὁ
1408 2910 1487 2947 τῶν
1514 2908 1623 2948 ὅλων

151 2970 394 3025 δημιουργὸς,
421 2971 470 3014 ὡς
499 2970 596 3023 πρὸς
626 2969 874 3023 προκέντημά
903 2987 939 3011 τι
972 2970 1049 3023 (ita
1078 2986 1187 3013 novo
1214 2972 1380 3014 nomine
1410 2973 1617 3030 appellare
1691 2984 1694 2988 '

855 3052 913 3081 12
