1898 3256
312 218 367 258 30
783 216 1276 258 ANNOTATIONES

313 327 411 380 φησὶ
430 325 612 369 δεδέσθαι
629 327 698 368 τὸν
718 326 942 379 Προμηθέα,
965 329 1071 369 ἀλλὰ
1090 329 1185 380 πρὸς
1214 330 1294 370 τοῖς
1314 325 1552 378 Εὐρωπαίοις
1580 323 1743 377 τέρμασι

311 396 380 434 τοῦ
399 392 606 441 Ὠκεανοῦ,
627 394 679 436 ὡς
707 393 785 434 ἀπὸ
812 397 889 434 τῶν
918 394 1011 446 πρὸς
1040 395 1110 445 τὴν
1132 394 1194 435 Ἰὼ
1221 391 1448 447 λεγομένων
1474 392 1559 433 ἐστὶ
1590 395 1741 442 συμβα-

312 463 434 501 Aetne.
471 459 656 515 Respicit
674 459 866 500 nimirum
885 460 1186 515 grammaticus,
1206 475 1244 500 v.
1268 470 1364 514 717,
1382 459 1455 499 ubi
1475 457 1744 499 Prometheus

313 525 378 566 Ioi
408 525 566 576 suadet,
586 541 637 566 ne
656 526 842 576 fluvium,
863 541 984 581 quem
1007 527 1236 583 Hybristen
1256 525 1448 582 appellat,
1479 524 1592 580 prius
1616 533 1744 565 trans·
1774 512 1779 518 ⁷

311 592 533 648 grediatur‚
556 607 678 648 quam
700 593 753 634 ad
775 595 1004 634 Caucasum
1024 593 1224 634 montium
1243 591 1480 633 altissimum
1503 589 1745 646 pervenerit.

311 659 448 714 Atqui
474 659 507 699 si
525 659 613 699 haec
633 659 756 700 verba
774 659 808 700 is
837 661 1151 715 pronuntiasset,
1173 658 1246 713 qui
1274 658 1361 712 ipse
1388 658 1430 699 in
1452 659 1636 698 Caucaso
1654 671 1743 697 ver-

312 733 480 775 saretur,
502 724 603 765 nihil
631 725 774 766 fuisset
801 725 991 781 ineptius.
1050 724 1223 765 Accedit
1247 724 1359 780 quod
1381 723 1582 780 AEschylo
1609 723 1743 764 statim

310 791 354 832 in
373 791 573 850 principio
595 792 802 832 Caucasus
822 792 1093 832 nominandus
1111 792 1268 842 fuisset,
1291 791 1321 832 si
1348 791 1405 832 ibi
1424 790 1617 831 voluisset
1641 790 1745 830 hanc

310 858 494 899 fabulam
513 858 612 913 geri..
670 859 711 898 N
716 873 795 899 unc
814 858 961 899 diserte
981 858 1162 899 nominat
1185 858 1393 914 Scythiam
1414 858 1629 906 desertam,
1651 871 1690 896 v.
1706 868 1743 898 2.

313 925 366 966 de
397 927 580 966 Caucaso
608 924 730 980 plane
759 924 859 965 silet.
919 924 1112 978 Denique
1136 933 1408 965 commentum
1440 923 1517 964 hoc
1548 922 1747 964 refellitur

313 991 438 1032 Chori
458 991 635 1032 carmine
654 1007 693 1032 V.
712 1005 762 1043 41
776 1005 810 1032 1.
832 1006 919 1047 sqq.
944 991 1012 1032 ubi
1032 990 1139 1031 inter
1159 990 1308 1031 vicinas
1336 1001 1492 1045 gentes,
1509 1005 1604 1044 quae
1630 991 1746 1030 mise-

312 1058 392 1099 rari
421 1059 627 1099 fortunam
650 1058 885 1099 Promethei
905 1057 1099 1098 dicuntur
1126 1066 1219 1113 post
1238 1056 1416 1106 Asiatas‚
1437 1055 1625 1105 Colchos,
1649 1057 1746 1110 Scy-

313 1125 418 1175 thas,
453 1125 598 1166 ultimo
633 1125 800 1165 demum
835 1126 924 1165 loco
958 1124 1220 1164 nominantur
1255 1123 1427 1164 Caucasi
1459 1122 1621 1171 accolae,
1653 1122 1747 1174 ὑψί-

314 1208 481 1244 κρημνον
510 1191 547 1232 οἲ
574 1193 750 1243 πόλισμα
781 1191 987 1231 Καυκάσου
1015 1189 1140 1233 πέλας
1171 1189 1364 1241 νέμονται,
1397 1190 1446 1230 de
1475 1188 1625 1244 quibus
1654 1203 1746 1244 pro-

313 1258 420 1299 fecto
441 1258 603 1299 Chorus
633 1273 705 1299 nec
733 1258 811 1299 hoc
840 1257 977 1307 modo,
998 1266 1039 1298 et
1057 1256 1136 1298 alio
1155 1256 1297 1297 ordine
1325 1257 1486 1297 locutus
1505 1266 1622 1305 esset,
1644 1255 1676 1296 si
1704 1255 1744 1295 in

313 1325 402 1380 ipso
423 1326 606 1365 Caucaso
627 1325 712 1379 Jam
743 1324 888 1380 pedem
918 1324 1084 1364 fixisset.
1146 1322 1227 1363 Sed
1248 1323 1479 1372 Pauwium,
1500 1331 1541 1363 et
1560 1322 1631 1378 qui
1651 1337 1746 1362 cum

315 1407 364 1432 eo
383 1389 576 1441 sentiunt,
597 1391 638 1431 in
668 1405 842 1431 errorem
874 1390 1037 1431 induxit
1066 1391 1307 1445 scriptorum
1336 1389 1536 1445 AEschylo
1554 1388 1748 1430 recentiom

314 1473 407 1498 rum
436 1457 626 1507 narratio,
648 1458 720 1512 qui
751 1472 833 1498 uno
853 1472 924 1498 ore
952 1472 1091 1498 omnes
1121 1457 1412 1498 Prometheum
1442 1457 1494 1497 ad
1517 1457 1746 1496 Caucasum

315 1523 531 1579 religatum
565 1523 689 1564 fuisse
725 1532 946 1564 testantur:
986 1538 1111 1579 quam
1143 1523 1292 1564 famam
1329 1522 1573 1579 AEschylum
1612 1522 1746 1578 ipsum

316 1606 482 1646 quoque
510 1590 552 1630 in
583 1589 829 1630 Prometheo
849 1589 982 1631 soluto
997 1605 1082 1630 esse
1103 1598 1285 1631 secutum
1306 1606 1357 1630 ex
1380 1590 1574 1631 Cicerone
1601 1604 1748 1644 cogno-

317 1657 465 1698 scimus
485 1659 642 1707 Quaest.
665 1658 793 1697 Tusc.
817 1670 855 1706 2,
885 1670 946 1697 10.
966 1671 1088 1711 quem
1109 1656 1243 1697 locum
1269 1656 1375 1698 inter
1394 1656 1621 1712 fragmenta
1639 1655 1749 1695 illius

315 1724 466 1766 fabulae
486 1723 712 1765 retulimus,
744 1724 1154 1764 SCHUETZIUS.

375 1916 503 1956 Facta
526 1923 567 1955 et
594 1914 680 1954 fata
699 1913 933 1954 Promethei
964 1914 1095 1955 tribus
1119 1915 1270 1956 fabulis
1293 1914 1554 1971 pertractavit
1574 1914 1749 1970 AEschy-

318 1982 397 2032 lus,
421 1980 632 2037 tragoediis
657 1980 833 2031 duabuS,
853 1981 1098 2030 Prometheo
1117 1981 1253 2022 vincto
1272 1992 1312 2023 et
1337 1981 1582 2022 Prometheo
1602 1981 1750 2031 soluto,

362 2141 379 2160 e
402 2134 472 2165 Hoc
486 2134 624 2165 scholion
638 2134 673 2164 in
687 2134 789 2165 codice
805 2132 949 2164 Parisino
964 2134 1056 2174 2787.
1068 2144 1117 2174 ap.
1136 2134 1302 2165 Faehsium
1320 2134 1354 2164 in
1375 2134 1499 2175 Sylloge
1513 2145 1543 2174 p.
1558 2143 1586 2174 3.
1600 2134 1643 2165 sic
1656 2140 1703 2165 est
1717 2135 1751 2164 in

319 2187 511 2218 contrariam
530 2187 719 2218 sententiam
740 2186 974 2226 interpolatum,
992 2185 1096 2217 ἰστέον
1110 2185 1144 2217 δὲ
1159 2186 1207 2217 ὅτι
1230 2188 1263 2218 ἐν
1281 2188 1326 2226 τῷ
1349 2186 1501 2226 Καυκάσῳ
1515 2187 1593 2227 φησὶ
1614 2185 1753 2217 δεδέσθαι

319 2239 376 2270 τὸν
398 2238 569 2280 Προμηθέα,
592 2239 666 2279 πρὸς
686 2240 752 2270 τοῖς
773 2239 956 2280 Εὐρωπαίοις
976 2238 1082 2281 μέρεσι
1101 2239 1134 2271 δὲ
1151 2241 1208 2271 τοῦ
1229 2242 1376 2271 Ὠκεανοῦ
1397 2240 1447 2271 καὶ
1470 2241 1525 2271 οὐκ
1547 2241 1753 2280 ἆλλαχοῦ,ὡς

320 2292 379 2323 ἀπὸ
390 2294 453 2323 τῶν
466 2294 539 2333 πρὸς
554 2292 613 2329 τὴν
633 2293 681 2323 Ἰὼ
703 2291 881 2332 λεγομένων
902 2294 970 2324 ἐστι
993 2295 1175 2332 συμβαλεῖν.
1198 2295 1253 2325 ubi
1274 2294 1422 2325 Ὠκεανοῦ
1443 2305 1482 2325 ex
1504 2295 1679 2334 antiquiore
1700 2293 1754 2323 illo

320 2345 435 2377 scholio
449 2347 616 2377 oscitanter
630 2352 677 2377 est
691 2347 868 2386 repetitum,
885 2353 994 2378 contra
1008 2353 1146 2378 mentem
1161 2347 1331 2378 scholiastae
1351 2347 1539 2386 recentioris,
1555 2347 1609 2387 qui
1632 2344 1752 2376 Καυκά-

320 2409 378 2429 σου
399 2399 571 2439 seripserat,
595 2400 677 2439 quod
698 2410 738 2430 ex
759 2400 899 2438 ejusdem
920 2400 1033 2431 codicis
1054 2399 1169 2431 scholio
1187 2402 1227 2431 ad
1250 2412 1279 2431 v.
1300 2399 1372 2440 563.
1393 2401 1531 2431 restituit
1549 2401 1754 2431 Hei-mannus

322 2451 439 2492 Opusc.
455 2452 517 2483 vol.
529 2464 559 2491 4.
575 2464 605 2493 p.
625 2452 695 2491 263.
712 2451 889 2490 κατήντησε
905 2452 939 2494 (ἦ
953 2453 1018 2494 Ἰὼ)
1040 2454 1089 2484 καὶ
1113 2453 1185 2484 ἔνθα
1206 2452 1245 2490 ἧν
1266 2455 1282 2484 ὁ
1306 2452 1481 2494 Προμηθεὺς
1502 2451 1660 2491 δεδεμένος
1681 2452 1755 2493 πρὸς

319 2506 384 2537 τοῖς
403 2504 585 2546 Εὐρωπαίοις
613 2504 719 2546 μέρεσι
745 2507 802 2536 τοῦ
823 2505 997 2544 Καυκάσου,
1013 2506 1062 2537 καὶ
1079 2508 1133 2547 ὁρᾷ
1149 2507 1242 2537 αὐτὸν
1265 2507 1366 2537 ἐκεῖσε
1385 2505 1624 2547 προσηλωμένον
1642 2506 1675 2536 ἐν
1688 2506 1755 2537 ταῖς

320 2556 444 2598 πέτραις
458 2559 514 2589 τοῦ
529 2558 624 2599 ὄρους.
670 2559 758 2589 idem
780 2558 858 2589 illud
873 2559 1010 2590 scholion
1026 2570 1065 2590 ex
1087 2559 1148 2590 alio
1162 2560 1265 2590 codice
1283 2561 1351 2599 jam
1374 2559 1531 2590 Stanleius
1553 2559 1692 2590 ediderat
1713 2559 1756 2589 sic

321 2610 615 2651 scriptum,’Iu·-re'ou
631 2610 679 2642 ὅτι
702 2612 736 2642 ἐν
756 2613 800 2650 τῷ
819 2610 972 2651 Καυκάσῳ
995 2613 1030 2643 οὐ
1052 2613 1130 2652 φησὶ
1146 2612 1285 2643 δεδέσθαι
1307 2613 1363 2643 τὸν
1386 2611 1559 2652 Προμηθέα,
1577 2611 1661 2642 ἀλλὰ
1682 2611 1755 2651 πρὸς

320 2665 385 2695 τοῖς
408 2665 589 2704 Εὐρωπαίοις
610 2663 740 2705 τέρμασι
762 2666 818 2695 τοῦ
839 2665 998 2705 Ὠκεανοῦ,
1021 2666 1060 2697 ὡς
1083 2666 1368 2704 ἀπὸ-συμβαλεῖν·
1397 2666 1451 2696 ubi
1469 2666 1504 2696 οὐ
1523 2666 1589 2697 loco
1610 2674 1675 2696 non
1698 2675 1755 2695 suo

321 2716 504 2747 collocatum
518 2727 558 2748 ex
572 2719 752 2757 conjectura
766 2718 816 2749 vel
826 2718 946 2749 librarii
962 2719 1010 2750 vel
1024 2719 1150 2750 editoris
1164 2726 1212 2750 est
1231 2719 1395 2758 insertum,
1411 2719 1465 2760 qui
1480 2729 1544 2750 non
1559 2719 1756 2749 animadver-

321 2769 409 2800 tisset
435 2771 584 2801 Ὠκεανοῦ
604 2771 639 2801 in
663 2770 826 2802 Καυκάσου
840 2782 906 2803 esse
927 2773 1127 2803 mutandum.
1173 2772 1321 2803 Ceterum
1343 2772 1411 2803 aliis
1434 2782 1557 2812 quoque
1576 2772 1610 2801 in
1632 2770 1755 2801 scholiis

321 2832 420 2861 quum
434 2824 474 2853 ad
489 2823 575 2854 hunc
589 2835 716 2855 versum
738 2831 807 2855 tum
829 2826 869 2855 ad
892 2825 967 2856 alios
981 2825 1062 2856 locos
1080 2826 1219 2857 Caucaso
1241 2825 1387 2865 alligatus
1407 2835 1472 2856 esse
1493 2824 1608 2855 dicitur
1629 2824 1756 2854 Prome-

320 2875 422 2913 theus,
437 2876 638 2917 defenditque
659 2877 741 2908 hanc
758 2878 1048 2917 interpretationem
1071 2884 1180 2910 contra
1202 2878 1403 2909 Schuetzium
1419 2877 1600 2908 Welckerus
1621 2876 1655 2906 in
1677 2875 1757 2906 libro

320 2928 359 2959 de
368 2928 500 2969 trilogiis
514 2928 654 2970 AEschyli
669 2939 699 2969 p.
715 2937 768 2969 33.
783 2935 814 2960 et
828 2930 862 2960 in
880 2929 1061 2970 Appendice
1075 2940 1106 2970 p.
1119 2929 1172 2962 60.
1195 2931 1236 2961 G.
1246 2930 1467 2961 DINDORF.
