<?xml version="1.0" encoding="UTF-8"?>
<!DOCTYPE html PUBLIC "-//W3C//DTD XHTML 1.0 Transitional//EN"
    "http://www.w3.org/TR/xhtml1/DTD/xhtml1-transitional.dtd">
<html xmlns="http://www.w3.org/1999/xhtml" xml:lang="en" lang="en">
 <head>
  <title>
</title>
<meta http-equiv="Content-Type" content="text/html;charset=utf-8" />
  <meta name='ocr-system' content='tesseract 3.04.00' />
  <meta name='ocr-capabilities' content='ocr_page ocr_carea ocr_par ocr_line ocrx_word'/>
</head>
<body>
  <div class='ocr_page' id='page_1' title='image "./tragoediaesupers02aescuoft_0201.png"; bbox 0 0 1898 3256; ppageno 0'>
   <div class='ocr_carea' id='block_1_1' title="bbox 360 235 1622 281">
    <p class='ocr_par' dir='ltr' id='par_1_1' title="bbox 360 235 1622 281">
     <span class='ocr_line' id='line_1_1' title="bbox 360 235 1622 281; baseline -0.002 -1"><span class='ocrx_word' id='word_1_1' title='bbox 360 239 452 280; x_wconf 89' lang='lat' dir='ltr'>AD</span> <span class='ocrx_word' id='word_1_2' title='bbox 484 237 740 279; x_wconf 88' lang='lat' dir='ltr'>SEPTEM</span> <span class='ocrx_word' id='word_1_3' title='bbox 770 235 1103 277; x_wconf 88' lang='lat' dir='ltr'>ADVERSUS</span> <span class='ocrx_word' id='word_1_4' title='bbox 1135 235 1405 278; x_wconf 88' lang='lat' dir='ltr'><strong>THEBAS.</strong></span> <span class='ocrx_word' id='word_1_5' title='bbox 1536 236 1622 281; x_wconf 80' lang='lat'>197</span> 
     </span>
    </p>
   </div>
   <div class='ocr_carea' id='block_1_2' title="bbox 152 347 1624 2993">
    <p class='ocr_par' dir='ltr' id='par_1_2' title="bbox 153 347 1620 528">
     <span class='ocr_line' id='line_1_2' title="bbox 153 347 1620 407; baseline -0.001 -16"><span class='ocrx_word' id='word_1_6' title='bbox 153 350 241 391; x_wconf 91' lang='lat' dir='ltr'><strong>dar.</strong></span> <span class='ocrx_word' id='word_1_7' title='bbox 284 352 406 392; x_wconf 86' lang='lat' dir='ltr'><strong>Nem.</strong></span> <span class='ocrx_word' id='word_1_8' title='bbox 439 364 477 402; x_wconf 93' lang='lat'>1,</span> <span class='ocrx_word' id='word_1_9' title='bbox 516 364 591 407; x_wconf 84' lang='lat'>53.</span> <span class='ocrx_word' id='word_1_10' title='bbox 641 348 889 404; x_wconf 82' lang='grc' dir='ltr'>σπλάγχνων</span> <span class='ocrx_word' id='word_1_11' title='bbox 926 347 1004 389; x_wconf 85' lang='grc' dir='ltr'>ὑπὸ</span> <span class='ocrx_word' id='word_1_12' title='bbox 1053 348 1400 402; x_wconf 81' lang='grc' dir='ltr'>ματέρος-ὠδῖνα</span> <span class='ocrx_word' id='word_1_13' title='bbox 1444 349 1620 402; x_wconf 82' lang='grc' dir='ltr'>φεύγων.</span> 
     </span>
     <span class='ocr_line' id='line_1_3' title="bbox 153 415 1619 469; baseline -0.001 -10"><span class='ocrx_word' id='word_1_14' title='bbox 153 417 301 461; x_wconf 88' lang='lat' dir='ltr'><strong>AEsch.</strong></span> <span class='ocrx_word' id='word_1_15' title='bbox 343 420 528 460; x_wconf 89' lang='lat' dir='ltr'><strong>Eumen.</strong></span> <span class='ocrx_word' id='word_1_16' title='bbox 568 418 665 460; x_wconf 92' lang='lat'><strong>668.</strong></span> <span class='ocrx_word' id='word_1_17' title='bbox 716 416 810 459; x_wconf 82' lang='grc' dir='ltr'>Οὐδ’</span> <span class='ocrx_word' id='word_1_18' title='bbox 857 418 902 458; x_wconf 80' lang='grc' dir='ltr'>ἐν</span> <span class='ocrx_word' id='word_1_19' title='bbox 943 416 1123 457; x_wconf 84' lang='grc' dir='ltr'>σκότοισι</span> <span class='ocrx_word' id='word_1_20' title='bbox 1173 416 1310 467; x_wconf 86' lang='grc' dir='ltr'>νηδύος</span> <span class='ocrx_word' id='word_1_21' title='bbox 1358 415 1619 469; x_wconf 82' lang='grc' dir='ltr'>τεθραμμένη.</span> 
     </span>
     <span class='ocr_line' id='line_1_4' title="bbox 154 486 467 528; baseline 0.006 -2"><span class='ocrx_word' id='word_1_22' title='bbox 154 486 467 528; x_wconf 88' lang='lat' dir='ltr'><strong>ABRESCH.</strong></span> 
     </span>
    </p>

    <p class='ocr_par' dir='ltr' id='par_1_3' title="bbox 153 552 1621 662">
     <span class='ocr_line' id='line_1_5' title="bbox 210 552 1621 610; baseline -0.001 -15"><span class='ocrx_word' id='word_1_23' title='bbox 210 554 308 595; x_wconf 84' lang='lat'><strong>666.</strong></span> <span class='ocrx_word' id='word_1_24' title='bbox 342 555 544 608; x_wconf 83' lang='grc' dir='ltr'>συλλογῇ]</span> <span class='ocrx_word' id='word_1_25' title='bbox 582 552 714 595; x_wconf 87' lang='lat' dir='ltr'><strong>Scrib.</strong></span> <span class='ocrx_word' id='word_1_26' title='bbox 751 556 928 610; x_wconf 80' lang='grc' dir='ltr'>ξυλλογῇ</span> <span class='ocrx_word' id='word_1_27' title='bbox 962 568 1012 594; x_wconf 89' lang='lat' dir='ltr'>ex</span> <span class='ocrx_word' id='word_1_28' title='bbox 1051 553 1132 603; x_wconf 88' lang='lat' dir='ltr'>M.‚</span> <span class='ocrx_word' id='word_1_29' title='bbox 1166 552 1207 593; x_wconf 91' lang='lat' dir='ltr'>in</span> <span class='ocrx_word' id='word_1_30' title='bbox 1244 568 1330 608; x_wconf 90' lang='lat' dir='ltr'>quo</span> <span class='ocrx_word' id='word_1_31' title='bbox 1365 552 1621 610; x_wconf 89' lang='lat' dir='ltr'>superscrip-</span> 
     </span>
     <span class='ocr_line' id='line_1_6' title="bbox 153 631 305 662; baseline -0.013 0"><span class='ocrx_word' id='word_1_32' title='bbox 153 631 242 662; x_wconf 88' lang='lat' dir='ltr'>tum</span> <span class='ocrx_word' id='word_1_33' title='bbox 266 638 305 661; x_wconf 89' lang='lat' dir='ltr'>o·.</span> 
     </span>
    </p>

    <p class='ocr_par' dir='ltr' id='par_1_4' title="bbox 152 687 1623 1632">
     <span class='ocr_line' id='line_1_7' title="bbox 211 687 1621 744; baseline 0.001 -15"><span class='ocrx_word' id='word_1_34' title='bbox 211 690 308 742; x_wconf 90' lang='lat'><em>667.</em></span> <span class='ocrx_word' id='word_1_35' title='bbox 341 690 547 744; x_wconf 82' lang='grc' dir='ltr'>προσεῖδε]</span> <span class='ocrx_word' id='word_1_36' title='bbox 572 692 767 741; x_wconf 89' lang='grc' dir='ltr'>προσεῖπε</span> <span class='ocrx_word' id='word_1_37' title='bbox 793 688 902 729; x_wconf 87' lang='lat' dir='ltr'><strong>libri.</strong></span> <span class='ocrx_word' id='word_1_38' title='bbox 932 691 1119 741; x_wconf 87' lang='grc' dir='ltr'>προσεῖδε</span> <span class='ocrx_word' id='word_1_39' title='bbox 1148 687 1191 729; x_wconf 89' lang='lat' dir='ltr'>in</span> <span class='ocrx_word' id='word_1_40' title='bbox 1223 688 1453 730; x_wconf 86' lang='lat' dir='ltr'>scholiastae</span> <span class='ocrx_word' id='word_1_41' title='bbox 1483 704 1621 730; x_wconf 83' lang='lat' dir='ltr'>exem·-</span> 
     </span>
     <span class='ocr_line' id='line_1_8' title="bbox 152 759 1621 818; baseline 0.001 -16"><span class='ocrx_word' id='word_1_42' title='bbox 152 760 259 818; x_wconf 87' lang='lat' dir='ltr'>plari</span> <span class='ocrx_word' id='word_1_43' title='bbox 288 761 491 802; x_wconf 81' lang='lat' dir='ltr'>exstitisse</span> <span class='ocrx_word' id='word_1_44' title='bbox 512 770 652 802; x_wconf 87' lang='lat' dir='ltr'>mouet</span> <span class='ocrx_word' id='word_1_45' title='bbox 673 759 915 806; x_wconf 82' lang='lat' dir='ltr'><strong>Markland.</strong></span> <span class='ocrx_word' id='word_1_46' title='bbox 938 761 991 802; x_wconf 88' lang='lat' dir='ltr'>ad</span> <span class='ocrx_word' id='word_1_47' title='bbox 1014 760 1167 818; x_wconf 90' lang='lat' dir='ltr'><strong>Eurip.</strong></span> <span class='ocrx_word' id='word_1_48' title='bbox 1191 761 1339 818; x_wconf 90' lang='lat' dir='ltr'><strong>Suppl.</strong></span> <span class='ocrx_word' id='word_1_49' title='bbox 1362 762 1460 817; x_wconf 83' lang='lat'><strong>958.</strong></span> <span class='ocrx_word' id='word_1_50' title='bbox 1525 762 1621 803; x_wconf 90' lang='lat' dir='ltr'>Fir-</span> 
     </span>
     <span class='ocr_line' id='line_1_9' title="bbox 152 828 1621 884; baseline 0.001 -14"><span class='ocrx_word' id='word_1_51' title='bbox 152 839 291 871; x_wconf 87' lang='lat' dir='ltr'>matur</span> <span class='ocrx_word' id='word_1_52' title='bbox 309 839 449 871; x_wconf 87' lang='lat' dir='ltr'>autem</span> <span class='ocrx_word' id='word_1_53' title='bbox 470 845 495 870; x_wconf 92' lang='lat' dir='ltr'>a</span> <span class='ocrx_word' id='word_1_54' title='bbox 516 828 729 870; x_wconf 89' lang='lat' dir='ltr'>Prometh.</span> <span class='ocrx_word' id='word_1_55' title='bbox 753 842 852 884; x_wconf 81' lang='grc'>223.</span> <span class='ocrx_word' id='word_1_56' title='bbox 874 830 944 871; x_wconf 81' lang='grc' dir='ltr'>οὐκ</span> <span class='ocrx_word' id='word_1_57' title='bbox 968 830 1144 881; x_wconf 79' lang='grc' dir='ltr'>ἠξίωσαν</span> <span class='ocrx_word' id='word_1_58' title='bbox 1169 830 1260 871; x_wconf 81' lang='grc' dir='ltr'>οὐδὲ</span> <span class='ocrx_word' id='word_1_59' title='bbox 1286 829 1552 884; x_wconf 83' lang='grc' dir='ltr'>προσβλέψαι</span> <span class='ocrx_word' id='word_1_60' title='bbox 1575 831 1621 872; x_wconf 89' lang='grc' dir='ltr'>τὸ</span> 
     </span>
     <span class='ocr_line' id='line_1_10' title="bbox 153 896 1620 954; baseline 0.001 -15"><span class='ocrx_word' id='word_1_61' title='bbox 153 901 246 939; x_wconf 82' lang='grc' dir='ltr'>πᾶν.</span> <span class='ocrx_word' id='word_1_62' title='bbox 307 897 395 939; x_wconf 85' lang='lat' dir='ltr'>Viri</span> <span class='ocrx_word' id='word_1_63' title='bbox 426 896 539 938; x_wconf 84' lang='lat' dir='ltr'>docti</span> <span class='ocrx_word' id='word_1_64' title='bbox 572 896 700 938; x_wconf 87' lang='lat' dir='ltr'>citant</span> <span class='ocrx_word' id='word_1_65' title='bbox 730 897 971 939; x_wconf 88' lang='lat' dir='ltr'>Callimach.</span> <span class='ocrx_word' id='word_1_66' title='bbox 1011 899 1070 939; x_wconf 92' lang='lat' dir='ltr'>H.</span> <span class='ocrx_word' id='word_1_67' title='bbox 1102 897 1248 954; x_wconf 86' lang='lat' dir='ltr'>Apoll.</span> <span class='ocrx_word' id='word_1_68' title='bbox 1276 909 1348 953; x_wconf 83' lang='lat'>51.</span> <span class='ocrx_word' id='word_1_69' title='bbox 1379 898 1505 940; x_wconf 89' lang='lat' dir='ltr'>Dian.</span> <span class='ocrx_word' id='word_1_70' title='bbox 1528 911 1620 954; x_wconf 81' lang='lat'><strong>129.</strong></span> 
     </span>
     <span class='ocr_line' id='line_1_11' title="bbox 154 966 1620 1023; baseline 0.001 -15"><span class='ocrx_word' id='word_1_71' title='bbox 154 966 302 1023; x_wconf 88' lang='lat' dir='ltr'><strong>Epigr.</strong></span> <span class='ocrx_word' id='word_1_72' title='bbox 326 979 393 1010; x_wconf 84' lang='lat'>22.</span> <span class='ocrx_word' id='word_1_73' title='bbox 425 966 640 1008; x_wconf 89' lang='lat' dir='ltr'>Theocrit.</span> <span class='ocrx_word' id='word_1_74' title='bbox 667 980 706 1020; x_wconf 83' lang='lat'>9,</span> <span class='ocrx_word' id='word_1_75' title='bbox 733 976 804 1021; x_wconf 87' lang='lat'>35.</span> <span class='ocrx_word' id='word_1_76' title='bbox 838 966 1013 1008; x_wconf 88' lang='lat' dir='ltr'><strong>Hesiod.</strong></span> <span class='ocrx_word' id='word_1_77' title='bbox 1046 966 1211 1023; x_wconf 87' lang='lat' dir='ltr'><strong>Theog.</strong></span> <span class='ocrx_word' id='word_1_78' title='bbox 1239 980 1306 1020; x_wconf 83' lang='lat'>91.</span> <span class='ocrx_word' id='word_1_79' title='bbox 1340 968 1491 1008; x_wconf 82' lang='lat' dir='ltr'>Horat.</span> <span class='ocrx_word' id='word_1_80' title='bbox 1514 982 1557 1020; x_wconf 86' lang='lat'>4,</span> <span class='ocrx_word' id='word_1_81' title='bbox 1582 980 1620 1009; x_wconf 83' lang='lat'>2.</span> 
     </span>
     <span class='ocr_line' id='line_1_12' title="bbox 154 1033 1623 1091; baseline 0.001 -16"><span class='ocrx_word' id='word_1_82' title='bbox 154 1034 285 1075; x_wconf 92' lang='lat' dir='ltr'>Addo</span> <span class='ocrx_word' id='word_1_83' title='bbox 307 1033 449 1076; x_wconf 83' lang='lat' dir='ltr'>Nostri</span> <span class='ocrx_word' id='word_1_84' title='bbox 470 1035 626 1091; x_wconf 87' lang='lat' dir='ltr'><strong>Agam.</strong></span> <span class='ocrx_word' id='word_1_85' title='bbox 648 1047 744 1090; x_wconf 83' lang='lat'><strong>953.</strong></span> <span class='ocrx_word' id='word_1_86' title='bbox 773 1034 844 1075; x_wconf 84' lang='grc' dir='ltr'>τὸν</span> <span class='ocrx_word' id='word_1_87' title='bbox 867 1038 1084 1087; x_wconf 87' lang='grc' dir='ltr'>κρατοῦντα</span> <span class='ocrx_word' id='word_1_88' title='bbox 1106 1038 1319 1086; x_wconf 84' lang='grc' dir='ltr'>μαλθακῶς</span> <span class='ocrx_word' id='word_1_89' title='bbox 1340 1035 1448 1078; x_wconf 85' lang='grc' dir='ltr'>Θεὸς</span> <span class='ocrx_word' id='word_1_90' title='bbox 1467 1037 1623 1088; x_wconf 86' lang='grc' dir='ltr'>πρόσω-</span> 
     </span>
     <span class='ocr_line' id='line_1_13' title="bbox 155 1102 1623 1159; baseline 0.001 -16"><span class='ocrx_word' id='word_1_91' title='bbox 155 1105 226 1143; x_wconf 89' lang='grc' dir='ltr'>θεν</span> <span class='ocrx_word' id='word_1_92' title='bbox 245 1103 414 1155; x_wconf 81' lang='grc' dir='ltr'>εὐμενῶς</span> <span class='ocrx_word' id='word_1_93' title='bbox 432 1102 728 1156; x_wconf 80' lang='grc' dir='ltr'>προσδέρκεται.</span> <span class='ocrx_word' id='word_1_94' title='bbox 750 1102 990 1144; x_wconf 84' lang='lat' dir='ltr'>Callimach.</span> <span class='ocrx_word' id='word_1_95' title='bbox 1013 1118 1080 1159; x_wconf 89' lang='lat' dir='ltr'>ap.</span> <span class='ocrx_word' id='word_1_96' title='bbox 1104 1102 1292 1159; x_wconf 87' lang='lat' dir='ltr'>Etymol.</span> <span class='ocrx_word' id='word_1_97' title='bbox 1316 1103 1382 1143; x_wconf 92' lang='lat' dir='ltr'>M.</span> <span class='ocrx_word' id='word_1_98' title='bbox 1405 1118 1504 1159; x_wconf 86' lang='lat' dir='ltr'>pag.</span> <span class='ocrx_word' id='word_1_99' title='bbox 1521 1114 1623 1158; x_wconf 79' lang='lat'><strong><em>572,</em></strong></span> 
     </span>
     <span class='ocr_line' id='line_1_14' title="bbox 153 1171 1621 1227; baseline 0.001 -16"><span class='ocrx_word' id='word_1_100' title='bbox 153 1172 224 1226; x_wconf 84' lang='lat'>36.</span> <span class='ocrx_word' id='word_1_101' title='bbox 247 1171 376 1227; x_wconf 85' lang='grc' dir='ltr'>(θεὸς)</span> <span class='ocrx_word' id='word_1_102' title='bbox 399 1173 508 1215; x_wconf 85' lang='grc' dir='ltr'>ὅστις</span> <span class='ocrx_word' id='word_1_103' title='bbox 533 1173 716 1225; x_wconf 85' lang='grc' dir='ltr'>ἆλίτρους</span> <span class='ocrx_word' id='word_1_104' title='bbox 735 1171 929 1225; x_wconf 85' lang='grc' dir='ltr'>Αὐγάζειν</span> <span class='ocrx_word' id='word_1_105' title='bbox 950 1175 1137 1224; x_wconf 83' lang='grc' dir='ltr'>καθαραῖς</span> <span class='ocrx_word' id='word_1_106' title='bbox 1166 1172 1212 1212; x_wconf 86' lang='grc' dir='ltr'>οὐ</span> <span class='ocrx_word' id='word_1_107' title='bbox 1243 1172 1404 1212; x_wconf 90' lang='grc' dir='ltr'>δύναται</span> <span class='ocrx_word' id='word_1_108' title='bbox 1433 1171 1621 1225; x_wconf 84' lang='grc' dir='ltr'>λοχάσιν.</span> 
     </span>
     <span class='ocr_line' id='line_1_15' title="bbox 156 1238 1622 1296; baseline 0.001 -17"><span class='ocrx_word' id='word_1_109' title='bbox 156 1239 274 1295; x_wconf 89' lang='lat' dir='ltr'>Lege</span> <span class='ocrx_word' id='word_1_110' title='bbox 299 1238 485 1292; x_wconf 84' lang='grc' dir='ltr'>λογάσιν.</span> <span class='ocrx_word' id='word_1_111' title='bbox 506 1238 759 1296; x_wconf 88' lang='lat' dir='ltr'><strong>Alciphron.</strong></span> <span class='ocrx_word' id='word_1_112' title='bbox 786 1240 870 1295; x_wconf 90' lang='lat' dir='ltr'>Ep.</span> <span class='ocrx_word' id='word_1_113' title='bbox 894 1252 932 1289; x_wconf 87' lang='lat' dir='ltr'>I,</span> <span class='ocrx_word' id='word_1_114' title='bbox 955 1240 1024 1294; x_wconf 85' lang='lat'>36.</span> <span class='ocrx_word' id='word_1_115' title='bbox 1052 1238 1123 1280; x_wconf 93' lang='lat' dir='ltr'>ubi</span> <span class='ocrx_word' id='word_1_116' title='bbox 1150 1238 1233 1280; x_wconf 90' lang='lat' dir='ltr'><strong>vid.</strong></span> <span class='ocrx_word' id='word_1_117' title='bbox 1266 1238 1452 1293; x_wconf 79' lang='lat' dir='ltr'><strong>Bergler.</strong></span> <span class='ocrx_word' id='word_1_118' title='bbox 1482 1239 1550 1280; x_wconf 94' lang='lat' dir='ltr'>Id.</span> <span class='ocrx_word' id='word_1_119' title='bbox 1575 1253 1622 1295; x_wconf 82' lang='lat'>3,</span> 
     </span>
     <span class='ocr_line' id='line_1_16' title="bbox 153 1306 1622 1364; baseline 0.001 -17"><span class='ocrx_word' id='word_1_120' title='bbox 153 1319 224 1358; x_wconf 94' lang='lat'>44.</span> <span class='ocrx_word' id='word_1_121' title='bbox 247 1307 363 1363; x_wconf 89' lang='lat' dir='ltr'><strong>Virg.</strong></span> <span class='ocrx_word' id='word_1_122' title='bbox 385 1307 543 1364; x_wconf 87' lang='lat' dir='ltr'><strong>Georg.</strong></span> <span class='ocrx_word' id='word_1_123' title='bbox 565 1321 601 1358; x_wconf 89' lang='lat'>1,</span> <span class='ocrx_word' id='word_1_124' title='bbox 620 1309 687 1362; x_wconf 90' lang='lat'>96.</span> <span class='ocrx_word' id='word_1_125' title='bbox 713 1308 864 1348; x_wconf 84' lang='lat' dir='ltr'><strong>Horat.</strong></span> <span class='ocrx_word' id='word_1_126' title='bbox 887 1308 937 1349; x_wconf 91' lang='lat' dir='ltr'>C.</span> <span class='ocrx_word' id='word_1_127' title='bbox 959 1319 997 1357; x_wconf 83' lang='lat'>2,</span> <span class='ocrx_word' id='word_1_128' title='bbox 1018 1319 1083 1360; x_wconf 86' lang='lat'>17,</span> <span class='ocrx_word' id='word_1_129' title='bbox 1102 1317 1167 1360; x_wconf 93' lang='lat'>17.</span> <span class='ocrx_word' id='word_1_130' title='bbox 1196 1306 1264 1348; x_wconf 88' lang='lat' dir='ltr'>Cf.</span> <span class='ocrx_word' id='word_1_131' title='bbox 1289 1306 1547 1349; x_wconf 85' lang='lat' dir='ltr'><strong>Valckenaer.</strong></span> <span class='ocrx_word' id='word_1_132' title='bbox 1568 1309 1622 1349; x_wconf 87' lang='lat' dir='ltr'>ad</span> 
     </span>
     <span class='ocr_line' id='line_1_17' title="bbox 154 1374 1622 1431; baseline 0.001 -16"><span class='ocrx_word' id='word_1_133' title='bbox 154 1374 308 1430; x_wconf 88' lang='lat' dir='ltr'><strong>Eurip.</strong></span> <span class='ocrx_word' id='word_1_134' title='bbox 331 1374 510 1431; x_wconf 88' lang='lat' dir='ltr'><strong>Hippol.</strong></span> <span class='ocrx_word' id='word_1_135' title='bbox 531 1388 654 1431; x_wconf 79' lang='lat'><strong>1339.</strong></span> <span class='ocrx_word' id='word_1_136' title='bbox 677 1374 906 1416; x_wconf 88' lang='lat' dir='ltr'><strong>Ruhnken.</strong></span> <span class='ocrx_word' id='word_1_137' title='bbox 930 1376 1015 1431; x_wconf 87' lang='lat' dir='ltr'>Ep.</span> <span class='ocrx_word' id='word_1_138' title='bbox 1038 1375 1142 1416; x_wconf 89' lang='lat' dir='ltr'>Crit.</span> <span class='ocrx_word' id='word_1_139' title='bbox 1166 1387 1204 1416; x_wconf 86' lang='lat'>2.</span> <span class='ocrx_word' id='word_1_140' title='bbox 1226 1389 1269 1430; x_wconf 90' lang='lat' dir='ltr'>p.</span> <span class='ocrx_word' id='word_1_141' title='bbox 1287 1374 1381 1427; x_wconf 90' lang='lat'>146.</span> <span class='ocrx_word' id='word_1_142' title='bbox 1417 1376 1622 1417; x_wconf 82' lang='lat' dir='ltr'>Attamen</span> 
     </span>
     <span class='ocr_line' id='line_1_18' title="bbox 154 1441 1623 1501; baseline 0.003 -19"><span class='ocrx_word' id='word_1_143' title='bbox 154 1441 320 1483; x_wconf 83' lang='lat' dir='ltr'>defendi</span> <span class='ocrx_word' id='word_1_144' title='bbox 353 1442 482 1499; x_wconf 87' lang='lat' dir='ltr'>possit</span> <span class='ocrx_word' id='word_1_145' title='bbox 516 1442 636 1483; x_wconf 87' lang='lat' dir='ltr'>lectio</span> <span class='ocrx_word' id='word_1_146' title='bbox 672 1443 866 1499; x_wconf 86' lang='lat' dir='ltr'>vulgata:</span> <span class='ocrx_word' id='word_1_147' title='bbox 911 1443 992 1484; x_wconf 89' lang='lat' dir='ltr'><strong>vid.</strong></span> <span class='ocrx_word' id='word_1_148' title='bbox 1028 1442 1271 1485; x_wconf 86' lang='lat' dir='ltr'><strong>Markland.</strong></span> <span class='ocrx_word' id='word_1_149' title='bbox 1302 1442 1330 1485; x_wconf 92' lang='lat' dir='ltr'>l.</span> <span class='ocrx_word' id='word_1_150' title='bbox 1350 1459 1386 1484; x_wconf 88' lang='lat' dir='ltr'>c.</span> <span class='ocrx_word' id='word_1_151' title='bbox 1414 1453 1454 1484; x_wconf 90' lang='lat' dir='ltr'>et</span> <span class='ocrx_word' id='word_1_152' title='bbox 1489 1444 1623 1501; x_wconf 83' lang='lat' dir='ltr'>adjice</span> 
     </span>
     <span class='ocr_line' id='line_1_19' title="bbox 156 1510 1621 1568; baseline 0.003 -17"><span class='ocrx_word' id='word_1_153' title='bbox 156 1510 354 1567; x_wconf 86' lang='lat' dir='ltr'><strong>Thucyd.</strong></span> <span class='ocrx_word' id='word_1_154' title='bbox 377 1512 416 1551; x_wconf 92' lang='lat'>6.</span> <span class='ocrx_word' id='word_1_155' title='bbox 439 1512 504 1552; x_wconf 91' lang='lat'>16.</span> <span class='ocrx_word' id='word_1_156' title='bbox 527 1510 758 1553; x_wconf 88' lang='lat' dir='ltr'>Theodect.</span> <span class='ocrx_word' id='word_1_157' title='bbox 780 1527 847 1568; x_wconf 90' lang='lat' dir='ltr'>ap.</span> <span class='ocrx_word' id='word_1_158' title='bbox 872 1512 1052 1553; x_wconf 88' lang='lat' dir='ltr'>Aristot.</span> <span class='ocrx_word' id='word_1_159' title='bbox 1075 1511 1168 1552; x_wconf 87' lang='lat' dir='ltr'><strong>Pol.</strong></span> <span class='ocrx_word' id='word_1_160' title='bbox 1195 1525 1230 1562; x_wconf 78' lang='lat'>1,</span> <span class='ocrx_word' id='word_1_161' title='bbox 1252 1526 1293 1564; x_wconf 93' lang='lat'><strong>4.</strong></span> <span class='ocrx_word' id='word_1_162' title='bbox 1323 1514 1396 1556; x_wconf 88' lang='grc' dir='ltr'>Τίς</span> <span class='ocrx_word' id='word_1_163' title='bbox 1423 1512 1473 1554; x_wconf 82' lang='grc' dir='ltr'>ἂν</span> <span class='ocrx_word' id='word_1_164' title='bbox 1495 1531 1621 1566; x_wconf 82' lang='grc' dir='ltr'>προσ-</span> 
     </span>
     <span class='ocr_line' id='line_1_20' title="bbox 155 1578 962 1632; baseline -0.001 -11"><span class='ocrx_word' id='word_1_165' title='bbox 155 1583 280 1621; x_wconf 87' lang='grc' dir='ltr'>ειπεῖν</span> <span class='ocrx_word' id='word_1_166' title='bbox 301 1579 507 1630; x_wconf 81' lang='grc' dir='ltr'>ἀξιώσειεν</span> <span class='ocrx_word' id='word_1_167' title='bbox 526 1578 667 1632; x_wconf 86' lang='grc' dir='ltr'>λάτριν</span> <span class='ocrx_word' id='word_1_168' title='bbox 684 1598 693 1627; x_wconf 89' lang='grc'><strong>;</strong></span> <span class='ocrx_word' id='word_1_169' title='bbox 727 1580 962 1621; x_wconf 91' lang='lat' dir='ltr'><strong>BLOMF.</strong></span> 
     </span>
    </p>

    <p class='ocr_par' dir='ltr' id='par_1_5' title="bbox 211 1646 939 1702">
     <span class='ocr_line' id='line_1_21' title="bbox 211 1646 939 1702; baseline 0 -14"><span class='ocrx_word' id='word_1_170' title='bbox 211 1648 310 1688; x_wconf 84' lang='lat'><strong>668.</strong></span> <span class='ocrx_word' id='word_1_171' title='bbox 332 1646 428 1702; x_wconf 81' lang='grc' dir='ltr'>οὔτ’]</span> <span class='ocrx_word' id='word_1_172' title='bbox 455 1647 534 1689; x_wconf 83' lang='grc' dir='ltr'>οὐδ’</span> <span class='ocrx_word' id='word_1_173' title='bbox 557 1649 670 1690; x_wconf 90' lang='lat' dir='ltr'><strong>A.B.</strong></span> <span class='ocrx_word' id='word_1_174' title='bbox 691 1656 733 1690; x_wconf 90' lang='lat' dir='ltr'>et</span> <span class='ocrx_word' id='word_1_175' title='bbox 751 1648 837 1689; x_wconf 91' lang='lat' dir='ltr'>duo</span> <span class='ocrx_word' id='word_1_176' title='bbox 856 1648 939 1689; x_wconf 89' lang='lat' dir='ltr'>alii.</span> 
     </span>
    </p>

    <p class='ocr_par' dir='ltr' id='par_1_6' title="bbox 153 1712 1624 2449">
     <span class='ocr_line' id='line_1_22' title="bbox 212 1712 1619 1775; baseline 0.003 -19"><span class='ocrx_word' id='word_1_177' title='bbox 212 1717 310 1772; x_wconf 87' lang='lat'><strong>673.</strong></span> <span class='ocrx_word' id='word_1_178' title='bbox 340 1712 499 1767; x_wconf 78' lang='grc' dir='ltr'>μᾶλλον</span> <span class='ocrx_word' id='word_1_179' title='bbox 521 1715 791 1772; x_wconf 80' lang='grc' dir='ltr'>ἐνδικώτερος]</span> <span class='ocrx_word' id='word_1_180' title='bbox 814 1716 1069 1773; x_wconf 88' lang='lat' dir='ltr'>Apollonius</span> <span class='ocrx_word' id='word_1_181' title='bbox 1089 1717 1404 1759; x_wconf 88' lang='lat' dir='ltr'>Alexandrinus</span> <span class='ocrx_word' id='word_1_182' title='bbox 1437 1719 1557 1775; x_wconf 84' lang='lat' dir='ltr'>Synt.</span> <span class='ocrx_word' id='word_1_183' title='bbox 1583 1733 1619 1770; x_wconf 77' lang='lat'>1,</span> 
     </span>
     <span class='ocr_line' id='line_1_23' title="bbox 157 1783 1623 1841; baseline 0.003 -17"><span class='ocrx_word' id='word_1_184' title='bbox 157 1784 222 1825; x_wconf 90' lang='lat'><strong>28.</strong></span> <span class='ocrx_word' id='word_1_185' title='bbox 247 1799 273 1824; x_wconf 91' lang='lat' dir='ltr'>a</span> <span class='ocrx_word' id='word_1_186' title='bbox 297 1783 498 1839; x_wconf 83' lang='lat' dir='ltr'>Berglero</span> <span class='ocrx_word' id='word_1_187' title='bbox 527 1784 580 1824; x_wconf 91' lang='lat' dir='ltr'>ad</span> <span class='ocrx_word' id='word_1_188' title='bbox 609 1783 801 1839; x_wconf 83' lang='lat' dir='ltr'><strong>Alciphr.</strong></span> <span class='ocrx_word' id='word_1_189' title='bbox 828 1800 869 1841; x_wconf 89' lang='lat' dir='ltr'><strong>p.</strong></span> <span class='ocrx_word' id='word_1_190' title='bbox 895 1786 992 1826; x_wconf 86' lang='lat'><strong>218.</strong></span> <span class='ocrx_word' id='word_1_191' title='bbox 1024 1785 1200 1832; x_wconf 87' lang='lat' dir='ltr'>citatus;</span> <span class='ocrx_word' id='word_1_192' title='bbox 1234 1787 1343 1827; x_wconf 80' lang='grc' dir='ltr'>ἀλλὰ</span> <span class='ocrx_word' id='word_1_193' title='bbox 1374 1787 1437 1827; x_wconf 86' lang='grc' dir='ltr'>καὶ</span> <span class='ocrx_word' id='word_1_194' title='bbox 1468 1788 1513 1828; x_wconf 86' lang='grc' dir='ltr'>ἐν</span> <span class='ocrx_word' id='word_1_195' title='bbox 1542 1791 1623 1830; x_wconf 87' lang='grc' dir='ltr'>τοῖς</span> 
     </span>
     <span class='ocr_line' id='line_1_24' title="bbox 156 1853 1623 1906; baseline 0.002 -14"><span class='ocrx_word' id='word_1_196' title='bbox 156 1856 417 1905; x_wconf 83' lang='grc' dir='ltr'>συγκριτικοῖς</span> <span class='ocrx_word' id='word_1_197' title='bbox 438 1853 611 1905; x_wconf 85' lang='grc' dir='ltr'>ε’γκεῖται</span> <span class='ocrx_word' id='word_1_198' title='bbox 625 1853 671 1894; x_wconf 85' lang='grc' dir='ltr'>τὸ</span> <span class='ocrx_word' id='word_1_199' title='bbox 690 1856 861 1905; x_wconf 80' lang='grc' dir='ltr'>μᾶλλον·</span> <span class='ocrx_word' id='word_1_200' title='bbox 894 1853 956 1894; x_wconf 84' lang='grc' dir='ltr'>καὶ</span> <span class='ocrx_word' id='word_1_201' title='bbox 973 1853 1167 1896; x_wconf 84' lang='grc' dir='ltr'>πολλάκις</span> <span class='ocrx_word' id='word_1_202' title='bbox 1183 1853 1623 1906; x_wconf 75' lang='grc' dir='ltr'>συμπαραλαμβάνεται</span> 
     </span>
     <span class='ocr_line' id='line_1_25' title="bbox 155 1918 1621 1974; baseline 0.002 -14"><span class='ocrx_word' id='word_1_203' title='bbox 155 1919 178 1970; x_wconf 88' lang='grc' dir='ltr'>ἡ</span> <span class='ocrx_word' id='word_1_204' title='bbox 193 1922 262 1960; x_wconf 86' lang='grc' dir='ltr'>τοῦ</span> <span class='ocrx_word' id='word_1_205' title='bbox 279 1923 438 1971; x_wconf 79' lang='grc' dir='ltr'>μᾶλλον</span> <span class='ocrx_word' id='word_1_206' title='bbox 454 1921 648 1971; x_wconf 77' lang='grc' dir='ltr'>σύνταξις·</span> <span class='ocrx_word' id='word_1_207' title='bbox 678 1918 869 1973; x_wconf 82' lang='grc' dir='ltr'>Ῥηΐτεροι</span> <span class='ocrx_word' id='word_1_208' title='bbox 888 1923 966 1974; x_wconf 82' lang='grc' dir='ltr'>γὰρ</span> <span class='ocrx_word' id='word_1_209' title='bbox 981 1924 1140 1972; x_wconf 80' lang='grc' dir='ltr'>μᾶλλον</span> <span class='ocrx_word' id='word_1_210' title='bbox 1154 1920 1382 1974; x_wconf 84' lang='grc' dir='ltr'>Ἀχαιοῖσιν</span> <span class='ocrx_word' id='word_1_211' title='bbox 1397 1922 1444 1973; x_wconf 85' lang='grc' dir='ltr'>δὴ</span> <span class='ocrx_word' id='word_1_212' title='bbox 1461 1922 1621 1963; x_wconf 87' lang='grc' dir='ltr'>ἔσεσθε.</span> 
     </span>
     <span class='ocr_line' id='line_1_26' title="bbox 157 1986 1624 2045; baseline 0.003 -18"><span class='ocrx_word' id='word_1_213' title='bbox 157 1986 302 2040; x_wconf 87' lang='lat' dir='ltr'><strong>(Iliad.</strong></span> <span class='ocrx_word' id='word_1_214' title='bbox 325 1991 378 2028; x_wconf 87' lang='grc' dir='ltr'>Ω.</span> <span class='ocrx_word' id='word_1_215' title='bbox 403 1988 520 2042; x_wconf 78' lang='grc'>243.)</span> <span class='ocrx_word' id='word_1_216' title='bbox 550 1988 704 2028; x_wconf 82' lang='lat' dir='ltr'>Noster</span> <span class='ocrx_word' id='word_1_217' title='bbox 736 1989 885 2045; x_wconf 87' lang='lat' dir='ltr'><strong>Suppl.</strong></span> <span class='ocrx_word' id='word_1_218' title='bbox 908 1989 1004 2043; x_wconf 87' lang='grc'>287.</span> <span class='ocrx_word' id='word_1_219' title='bbox 1036 1992 1195 2040; x_wconf 80' lang='grc' dir='ltr'>μᾶλλον</span> <span class='ocrx_word' id='word_1_220' title='bbox 1217 1989 1514 2043; x_wconf 79' lang='grc' dir='ltr'>ἐμφερέστεραι.</span> <span class='ocrx_word' id='word_1_221' title='bbox 1549 1991 1624 2031; x_wconf 87' lang='lat' dir='ltr'>So-</span> 
     </span>
     <span class='ocr_line' id='line_1_27' title="bbox 153 2053 1624 2113; baseline 0.003 -19"><span class='ocrx_word' id='word_1_222' title='bbox 153 2053 290 2111; x_wconf 88' lang='lat' dir='ltr'><strong>phocl.</strong></span> <span class='ocrx_word' id='word_1_223' title='bbox 311 2054 462 2110; x_wconf 86' lang='lat' dir='ltr'>Antig.</span> <span class='ocrx_word' id='word_1_224' title='bbox 483 2067 605 2096; x_wconf 85' lang='lat'><strong>1210.</strong></span> <span class='ocrx_word' id='word_1_225' title='bbox 624 2058 785 2107; x_wconf 81' lang='grc' dir='ltr'>μᾶλλον</span> <span class='ocrx_word' id='word_1_226' title='bbox 804 2057 947 2098; x_wconf 82' lang='grc' dir='ltr'>ἆσσον.</span> <span class='ocrx_word' id='word_1_227' title='bbox 970 2056 1123 2113; x_wconf 90' lang='lat' dir='ltr'><strong>Eurip.</strong></span> <span class='ocrx_word' id='word_1_228' title='bbox 1147 2057 1313 2098; x_wconf 90' lang='lat' dir='ltr'><strong>Hecub.</strong></span> <span class='ocrx_word' id='word_1_229' title='bbox 1337 2058 1436 2112; x_wconf 85' lang='lat'><strong>381.</strong></span> <span class='ocrx_word' id='word_1_230' title='bbox 1464 2061 1624 2110; x_wconf 80' lang='grc' dir='ltr'>μᾶλλον</span> 
     </span>
     <span class='ocr_line' id='line_1_28' title="bbox 157 2122 1620 2181; baseline 0.003 -19"><span class='ocrx_word' id='word_1_231' title='bbox 157 2122 450 2176; x_wconf 77' lang='grc' dir='ltr'>εὐτυχέστερος.</span> <span class='ocrx_word' id='word_1_232' title='bbox 469 2122 648 2179; x_wconf 90' lang='lat' dir='ltr'><strong>Hippol.</strong></span> <span class='ocrx_word' id='word_1_233' title='bbox 663 2124 764 2176; x_wconf 89' lang='lat'><strong>486.</strong></span> <span class='ocrx_word' id='word_1_234' title='bbox 782 2125 901 2177; x_wconf 83' lang='lat'><strong>(487.</strong></span> <span class='ocrx_word' id='word_1_235' title='bbox 918 2123 982 2165; x_wconf 90' lang='lat' dir='ltr'>ed.</span> <span class='ocrx_word' id='word_1_236' title='bbox 1001 2124 1151 2165; x_wconf 90' lang='lat' dir='ltr'><strong>Monk.</strong></span> <span class='ocrx_word' id='word_1_237' title='bbox 1168 2126 1234 2181; x_wconf 83' lang='lat' dir='ltr'>cuj</span> <span class='ocrx_word' id='word_1_238' title='bbox 1243 2140 1290 2165; x_wconf 87' lang='lat' dir='ltr'>us</span> <span class='ocrx_word' id='word_1_239' title='bbox 1306 2135 1444 2166; x_wconf 86' lang='lat' dir='ltr'>notam</span> <span class='ocrx_word' id='word_1_240' title='bbox 1462 2125 1620 2179; x_wconf 87' lang='lat' dir='ltr'>adeas.)</span> 
     </span>
     <span class='ocr_line' id='line_1_29' title="bbox 155 2189 1624 2250; baseline 0.003 -20"><span class='ocrx_word' id='word_1_241' title='bbox 155 2192 312 2240; x_wconf 81' lang='grc' dir='ltr'>μᾶλλον</span> <span class='ocrx_word' id='word_1_242' title='bbox 332 2190 496 2244; x_wconf 88' lang='grc' dir='ltr'>ἇλγίων.</span> <span class='ocrx_word' id='word_1_243' title='bbox 538 2189 652 2231; x_wconf 85' lang='lat' dir='ltr'>Mire</span> <span class='ocrx_word' id='word_1_244' title='bbox 672 2190 778 2232; x_wconf 86' lang='lat' dir='ltr'>dixit</span> <span class='ocrx_word' id='word_1_245' title='bbox 800 2191 965 2247; x_wconf 90' lang='lat' dir='ltr'>Iophon</span> <span class='ocrx_word' id='word_1_246' title='bbox 986 2207 1052 2249; x_wconf 86' lang='lat' dir='ltr'>ap.</span> <span class='ocrx_word' id='word_1_247' title='bbox 1077 2193 1192 2234; x_wconf 92' lang='lat' dir='ltr'>Stob.</span> <span class='ocrx_word' id='word_1_248' title='bbox 1215 2193 1308 2234; x_wconf 85' lang='lat' dir='ltr'><strong>Ecl.</strong></span> <span class='ocrx_word' id='word_1_249' title='bbox 1330 2209 1371 2250; x_wconf 91' lang='lat' dir='ltr'><strong>p.</strong></span> <span class='ocrx_word' id='word_1_250' title='bbox 1400 2205 1493 2248; x_wconf 84' lang='lat'><strong>173.</strong></span> <span class='ocrx_word' id='word_1_251' title='bbox 1523 2198 1624 2246; x_wconf 83' lang='grc' dir='ltr'>μᾶλ-</span> 
     </span>
     <span class='ocr_line' id='line_1_30' title="bbox 156 2258 1621 2317; baseline 0.005 -19"><span class='ocrx_word' id='word_1_252' title='bbox 156 2262 230 2298; x_wconf 91' lang='grc' dir='ltr'>λον</span> <span class='ocrx_word' id='word_1_253' title='bbox 255 2258 397 2309; x_wconf 84' lang='grc' dir='ltr'>ἧσσον.</span> <span class='ocrx_word' id='word_1_254' title='bbox 458 2259 552 2299; x_wconf 91' lang='lat' dir='ltr'>Has</span> <span class='ocrx_word' id='word_1_255' title='bbox 581 2268 718 2299; x_wconf 89' lang='lat' dir='ltr'>tamen</span> <span class='ocrx_word' id='word_1_256' title='bbox 740 2274 860 2300; x_wconf 85' lang='lat' dir='ltr'>voces</span> <span class='ocrx_word' id='word_1_257' title='bbox 887 2260 1104 2316; x_wconf 82' lang='lat' dir='ltr'>conjunxit</span> <span class='ocrx_word' id='word_1_258' title='bbox 1122 2261 1244 2302; x_wconf 83' lang='lat' dir='ltr'>etiam</span> <span class='ocrx_word' id='word_1_259' title='bbox 1270 2262 1471 2317; x_wconf 84' lang='lat' dir='ltr'><strong>Thucyd.</strong></span> <span class='ocrx_word' id='word_1_260' title='bbox 1493 2274 1531 2316; x_wconf 86' lang='lat'>7,</span> <span class='ocrx_word' id='word_1_261' title='bbox 1556 2275 1621 2317; x_wconf 87' lang='grc'>29.</span> 
     </span>
     <span class='ocr_line' id='line_1_31' title="bbox 154 2325 1621 2386; baseline 0.005 -20"><span class='ocrx_word' id='word_1_262' title='bbox 154 2325 228 2366; x_wconf 83' lang='lat' dir='ltr'>fin.</span> <span class='ocrx_word' id='word_1_263' title='bbox 255 2325 326 2367; x_wconf 90' lang='lat' dir='ltr'>ubi</span> <span class='ocrx_word' id='word_1_264' title='bbox 356 2325 442 2367; x_wconf 88' lang='lat' dir='ltr'><strong>vid.</strong></span> <span class='ocrx_word' id='word_1_265' title='bbox 464 2326 626 2367; x_wconf 81' lang='lat' dir='ltr'><strong>Duker.</strong></span> <span class='ocrx_word' id='word_1_266' title='bbox 683 2327 746 2368; x_wconf 89' lang='lat' dir='ltr'><strong>Cf.</strong></span> <span class='ocrx_word' id='word_1_267' title='bbox 774 2327 930 2368; x_wconf 89' lang='lat' dir='ltr'><strong>Thom.</strong></span> <span class='ocrx_word' id='word_1_268' title='bbox 958 2328 1133 2385; x_wconf 87' lang='lat' dir='ltr'>Magist.</span> <span class='ocrx_word' id='word_1_269' title='bbox 1160 2345 1202 2386; x_wconf 88' lang='lat' dir='ltr'><strong>p.</strong></span> <span class='ocrx_word' id='word_1_270' title='bbox 1230 2332 1328 2385; x_wconf 84' lang='lat'><strong>596.</strong></span> <span class='ocrx_word' id='word_1_271' title='bbox 1361 2331 1534 2372; x_wconf 89' lang='lat' dir='ltr'><strong>Porson.</strong></span> <span class='ocrx_word' id='word_1_272' title='bbox 1566 2331 1621 2373; x_wconf 92' lang='lat' dir='ltr'>ad</span> 
     </span>
     <span class='ocr_line' id='line_1_32' title="bbox 157 2393 882 2449; baseline 0.004 -15"><span class='ocrx_word' id='word_1_273' title='bbox 157 2393 306 2449; x_wconf 90' lang='lat' dir='ltr'><strong>Eurip.</strong></span> <span class='ocrx_word' id='word_1_274' title='bbox 329 2394 495 2435; x_wconf 90' lang='lat' dir='ltr'><strong>Hecub.</strong></span> <span class='ocrx_word' id='word_1_275' title='bbox 518 2396 614 2447; x_wconf 83' lang='lat'><strong>624.</strong></span> <span class='ocrx_word' id='word_1_276' title='bbox 647 2396 882 2437; x_wconf 86' lang='lat' dir='ltr'><strong>BLOMF.</strong></span> 
     </span>
    </p>

    <p class='ocr_par' dir='ltr' id='par_1_7' title="bbox 214 2461 879 2516">
     <span class='ocr_line' id='line_1_33' title="bbox 214 2461 879 2516; baseline 0.005 -15"><span class='ocrx_word' id='word_1_277' title='bbox 214 2462 312 2516; x_wconf 87' lang='lat'><strong>675.</strong></span> <span class='ocrx_word' id='word_1_278' title='bbox 337 2461 426 2516; x_wconf 76' lang='grc' dir='ltr'>σὺν]</span> <span class='ocrx_word' id='word_1_279' title='bbox 448 2462 516 2512; x_wconf 75' lang='grc' dir='ltr'>ξὺν</span> <span class='ocrx_word' id='word_1_280' title='bbox 537 2477 632 2502; x_wconf 90' lang='lat' dir='ltr'>cum</span> <span class='ocrx_word' id='word_1_281' title='bbox 655 2462 879 2504; x_wconf 88' lang='lat' dir='ltr'><strong>Brunckio.</strong></span> 
     </span>
    </p>

    <p class='ocr_par' dir='ltr' id='par_1_8' title="bbox 158 2529 1624 2781">
     <span class='ocr_line' id='line_1_34' title="bbox 214 2529 1623 2587; baseline 0.004 -18"><span class='ocrx_word' id='word_1_282' title='bbox 214 2529 310 2581; x_wconf 91' lang='lat'><strong>676.</strong></span> <span class='ocrx_word' id='word_1_283' title='bbox 344 2529 508 2582; x_wconf 79' lang='grc' dir='ltr'>αἰχμὴν]</span> <span class='ocrx_word' id='word_1_284' title='bbox 533 2531 676 2583; x_wconf 82' lang='grc' dir='ltr'>αἰχμῆς</span> <span class='ocrx_word' id='word_1_285' title='bbox 699 2529 857 2586; x_wconf 87' lang='lat' dir='ltr'>aliquot</span> <span class='ocrx_word' id='word_1_286' title='bbox 888 2530 1007 2571; x_wconf 85' lang='lat' dir='ltr'><strong>codd.</strong></span> <span class='ocrx_word' id='word_1_287' title='bbox 1040 2531 1148 2572; x_wconf 87' lang='lat' dir='ltr'>inter</span> <span class='ocrx_word' id='word_1_288' title='bbox 1176 2546 1283 2586; x_wconf 90' lang='lat' dir='ltr'>quos</span> <span class='ocrx_word' id='word_1_289' title='bbox 1314 2533 1381 2572; x_wconf 86' lang='lat' dir='ltr'>M.</span> <span class='ocrx_word' id='word_1_290' title='bbox 1411 2532 1463 2572; x_wconf 90' lang='lat' dir='ltr'>ad</span> <span class='ocrx_word' id='word_1_291' title='bbox 1495 2547 1623 2587; x_wconf 89' lang='lat' dir='ltr'>quam</span> 
     </span>
     <span class='ocr_line' id='line_1_35' title="bbox 158 2595 1622 2655; baseline 0.004 -20"><span class='ocrx_word' id='word_1_292' title='bbox 158 2595 403 2651; x_wconf 85' lang='lat' dir='ltr'>scripturam</span> <span class='ocrx_word' id='word_1_293' title='bbox 435 2595 738 2637; x_wconf 85' lang='lat' dir='ltr'>defendendam</span> <span class='ocrx_word' id='word_1_294' title='bbox 770 2596 873 2637; x_wconf 89' lang='lat' dir='ltr'>nihil</span> <span class='ocrx_word' id='word_1_295' title='bbox 901 2598 1074 2639; x_wconf 86' lang='lat' dir='ltr'>confert.</span> <span class='ocrx_word' id='word_1_296' title='bbox 1134 2598 1307 2639; x_wconf 67' lang='lat' dir='ltr'>Alcaeus</span> <span class='ocrx_word' id='word_1_297' title='bbox 1326 2599 1441 2655; x_wconf 88' lang='lat' dir='ltr'>apud</span> <span class='ocrx_word' id='word_1_298' title='bbox 1462 2599 1622 2641; x_wconf 86' lang='lat' dir='ltr'><strong>Athen.</strong></span> 
     </span>
     <span class='ocr_line' id='line_1_36' title="bbox 163 2662 1624 2721; baseline 0.008 -20"><span class='ocrx_word' id='word_1_299' title='bbox 163 2675 227 2714; x_wconf 89' lang='lat'><strong>14.</strong></span> <span class='ocrx_word' id='word_1_300' title='bbox 249 2677 290 2717; x_wconf 93' lang='lat' dir='ltr'>p.</span> <span class='ocrx_word' id='word_1_301' title='bbox 313 2663 393 2715; x_wconf 91' lang='grc'>627</span> <span class='ocrx_word' id='word_1_302' title='bbox 418 2663 468 2703; x_wconf 93' lang='grc' dir='ltr'>Β.</span> <span class='ocrx_word' id='word_1_303' title='bbox 491 2678 516 2703; x_wconf 89' lang='lat' dir='ltr'>a</span> <span class='ocrx_word' id='word_1_304' title='bbox 537 2662 785 2704; x_wconf 82' lang='lat' dir='ltr'>Blomfieldo</span> <span class='ocrx_word' id='word_1_305' title='bbox 804 2675 1081 2720; x_wconf 85' lang='lat' dir='ltr'>comparatus,</span> <span class='ocrx_word' id='word_1_306' title='bbox 1102 2668 1280 2719; x_wconf 88' lang='grc' dir='ltr'>λαμπραὶ</span> <span class='ocrx_word' id='word_1_307' title='bbox 1302 2669 1484 2719; x_wconf 86' lang='grc' dir='ltr'>κναμίδες</span> <span class='ocrx_word' id='word_1_308' title='bbox 1507 2669 1624 2721; x_wconf 84' lang='grc' dir='ltr'>ἄρκος</span> 
     </span>
     <span class='ocr_line' id='line_1_37' title="bbox 159 2728 486 2781; baseline 0.003 -12"><span class='ocrx_word' id='word_1_309' title='bbox 159 2730 306 2781; x_wconf 82' lang='grc' dir='ltr'>ἰσχυρῶ</span> <span class='ocrx_word' id='word_1_310' title='bbox 325 2728 486 2779; x_wconf 84' lang='grc' dir='ltr'>βέλευς.</span> 
     </span>
    </p>

    <p class='ocr_par' dir='ltr' id='par_1_9' title="bbox 160 2794 1623 2993">
     <span class='ocr_line' id='line_1_38' title="bbox 216 2794 1623 2858; baseline 0.008 -24"><span class='ocrx_word' id='word_1_311' title='bbox 216 2794 389 2850; x_wconf 84' lang='grc' dir='ltr'>πετρῶν]</span> <span class='ocrx_word' id='word_1_312' title='bbox 411 2800 563 2849; x_wconf 84' lang='grc' dir='ltr'>πτερῶν</span> <span class='ocrx_word' id='word_1_313' title='bbox 582 2796 741 2853; x_wconf 84' lang='lat' dir='ltr'>aliquot</span> <span class='ocrx_word' id='word_1_314' title='bbox 761 2798 884 2840; x_wconf 86' lang='lat' dir='ltr'><strong>codd.</strong></span> <span class='ocrx_word' id='word_1_315' title='bbox 906 2810 944 2840; x_wconf 89' lang='lat' dir='ltr'>et</span> <span class='ocrx_word' id='word_1_316' title='bbox 968 2800 1080 2841; x_wconf 87' lang='lat' dir='ltr'><strong>Rob.</strong></span> <span class='ocrx_word' id='word_1_317' title='bbox 1142 2801 1267 2851; x_wconf 82' lang='lat' dir='ltr'>Quod</span> <span class='ocrx_word' id='word_1_318' title='bbox 1292 2801 1345 2843; x_wconf 90' lang='lat' dir='ltr'>de</span> <span class='ocrx_word' id='word_1_319' title='bbox 1373 2803 1532 2858; x_wconf 83' lang='lat' dir='ltr'>sagittis</span> <span class='ocrx_word' id='word_1_320' title='bbox 1558 2803 1623 2844; x_wconf 87' lang='lat' dir='ltr'>in-</span> 
     </span>
     <span class='ocr_line' id='line_1_39' title="bbox 160 2860 1622 2925; baseline 0.008 -24"><span class='ocrx_word' id='word_1_321' title='bbox 160 2860 308 2917; x_wconf 83' lang='lat' dir='ltr'>telligit</span> <span class='ocrx_word' id='word_1_322' title='bbox 328 2861 545 2904; x_wconf 84' lang='lat' dir='ltr'>scholiasta</span> <span class='ocrx_word' id='word_1_323' title='bbox 564 2864 778 2916; x_wconf 79' lang='lat' dir='ltr'>recentior,</span> <span class='ocrx_word' id='word_1_324' title='bbox 800 2866 872 2921; x_wconf 90' lang='lat' dir='ltr'>qui</span> <span class='ocrx_word' id='word_1_325' title='bbox 896 2878 1116 2922; x_wconf 88' lang='lat' dir='ltr'>utramque</span> <span class='ocrx_word' id='word_1_326' title='bbox 1136 2868 1380 2925; x_wconf 87' lang='lat' dir='ltr'>scripturam</span> <span class='ocrx_word' id='word_1_327' title='bbox 1408 2882 1622 2913; x_wconf 88' lang='lat' dir='ltr'>memorat.</span> 
     </span>
     <span class='ocr_line' id='line_1_40' title="bbox 161 2928 1623 2993; baseline 0.008 -24"><span class='ocrx_word' id='word_1_328' title='bbox 161 2928 307 2970; x_wconf 89' lang='lat' dir='ltr'>Verbis</span> <span class='ocrx_word' id='word_1_329' title='bbox 345 2940 483 2971; x_wconf 83' lang='lat' dir='ltr'>autem</span> <span class='ocrx_word' id='word_1_330' title='bbox 523 2936 676 2984; x_wconf 81' lang='grc' dir='ltr'>πετρῶν</span> <span class='ocrx_word' id='word_1_331' title='bbox 714 2933 979 2985; x_wconf 83' lang='grc' dir='ltr'>προβλήματα</span> <span class='ocrx_word' id='word_1_332' title='bbox 1016 2933 1210 2990; x_wconf 85' lang='lat' dir='ltr'>clypeum</span> <span class='ocrx_word' id='word_1_333' title='bbox 1254 2936 1473 2993; x_wconf 86' lang='lat' dir='ltr'>significari</span> <span class='ocrx_word' id='word_1_334' title='bbox 1513 2949 1623 2981; x_wconf 84' lang='lat' dir='ltr'>recte</span> 
     </span>
    </p>
   </div>
  </div>
 </body>
</html>
