1898 3256
700 222 791 264 AD
822 222 1023 265 PERSA
1032 224 1073 265 S.
1537 224 1623 267 305

157 346 338 386 quocum
358 332 417 375 ita
440 334 650 376 consentio
677 344 724 377 ut
752 335 867 377 aliud
897 335 1096 378 excidisse
1117 336 1290 377 verbum
1322 345 1480 393 putem,
1501 336 1623 392 cujus

158 398 261 441 illud
293 401 496 456 glossema
526 412 587 444 est
620 418 671 444 ex
705 419 743 445 V.
777 404 874 457 889,
911 412 958 444 ut
992 402 1172 454 videtur,
1209 413 1409 446 sumtum.
1469 404 1623 446 Totius

157 466 264 509 enim
287 483 429 511 versus
448 478 627 512 metrum
648 470 727 512 hoc
746 470 913 512 videtur
931 470 1058 513 fuisse

615 571 1110 630 ὖ-Ι-ίυυ-υυ-ἷ)

215 681 313 722 900.
354 671 566 724 σφετέραις
605 672 765 729 φρεσίν]
809 672 1052 723 Scholiasta,
1092 676 1145 730 τῷ
1187 675 1269 730 ἰδίῳ
1309 675 1505 731 λογισμῷ,
1538 675 1624 717 οἷον

159 739 350 790 φρόνιμος
369 739 435 780 ὥν.

217 807 381 861 φρεσίν]
405 807 546 861 χερσὶν
566 808 624 848 Α.
650 809 728 862 (γρ.
751 809 821 861 Β.)
846 808 999 866 aliique
1020 809 1208 851 nonnulli
1228 819 1270 851 et
1291 810 1402 853 Rob.

217 887 313 929 901.
349 874 565 931 ἀκάματον]
596 875 822 929 ἀκάμαντον
850 877 1009 934 aliquot
1038 877 1160 920 codd.
1191 878 1409 930 ἀκαίματον
1436 879 1539 921 Ald.
1571 895 1624 922 ex

159 958 245 999 quo
266 944 404 985 Turn.
435 944 652 996 ἀναίματον
671 944 781 987 fecit.

218 1025 314 1067 903.
336 1011 627 1067 τευχηστήρων]
648 1014 924 1067 τευχηστόρων
943 1013 1045 1055 Ald.

218 1093 315 1135 905.
341 1081 574 1134 ἀμφιλόγως
591 1080 715 1122 codd.
739 1080 927 1138 plerique
947 1091 989 1123 et
1011 1083 1148 1123 Turn.
1210 1081 1526 1123 Praeferendum
1555 1083 1626 1134 ἀμ-

159 1150 342 1202 φιβόλως
371 1149 484 1205 quod
515 1149 638 1206 pauci
667 1148 787 1191 codd.
819 1149 974 1191 habent
1003 1164 1098 1191 cum
1125 1149 1228 1191 Ald.
1260 1150 1372 1191 Rob.
1405 1159 1446 1192 et
1475 1149 1625 1207 legisse

161 1217 328 1259 videtur
366 1217 596 1267 scholiasta,
637 1217 711 1273 qui
750 1217 791 1258 in
830 1216 1170 1274 interpretatione
1207 1234 1282 1259 sua
1313 1219 1441 1260 verbo
1482 1228 1625 1260 utatur

160 1285 476 1338 ἀμφιβάλλεται.
536 1284 800 1326 Adverbium
838 1286 1075 1339 ἀμφιβόλως
1105 1295 1167 1327 est
1202 1286 1339 1327 Theb.
1374 1287 1471 1340 864.
1505 1288 1624 1341 ἀμφι-

158 1352 308 1396 λέκτως
328 1352 384 1393 ib.
407 1353 503 1407 809.

216 1421 452 1474 θεότρεπτα]
480 1421 703 1474 θεόπρεπτα
724 1423 790 1464 Μ.
815 1422 1015 1464 Cantabr.
1044 1421 1204 1479 primus
1228 1431 1269 1463 et
1291 1421 1394 1463 Ald.
1425 1423 1626 1464 θεόπεπτα

165 1490 270 1532 Rob.
302 1489 376 1546 qui
405 1489 582 1531 fortasse
611 1490 839 1542 θεόπεμπτα
864 1490 1010 1540 voluit,
1038 1506 1124 1546 quo
1156 1491 1288 1532 utitur
1317 1490 1534 1532 scholiasta
1563 1505 1626 1531 re-

157 1557 326 1601 centior.
359 1558 575 1611 θεότρεπτα
595 1565 636 1598 et
657 1558 875 1611 θεόθρεπτα
901 1558 1002 1615 legit
1029 1558 1261 1609 scholiasta,
1282 1561 1352 1602 τὰς
1378 1560 1626 1602 ἐπελθούσας

159 1628 251 1680 ἡμῖν
271 1628 489 1680 συμφορὰς,
511 1627 580 1669 τὰς
601 1626 643 1666 ἐκ
664 1628 757 1667 θεοῦ
775 1628 991 1679 τραπείσας
1009 1627 1106 1680 πρὸς
1131 1628 1242 1679 ἡμᾶς.
1273 1626 1297 1679 ἢ
1328 1628 1547 1680 θεόθρεπτα
1575 1629 1625 1668 τὰ

160 1697 204 1738 ἐκ
224 1698 326 1737 θεῶν
345 1695 571 1748 τρεφόμενα
592 1694 655 1735 καὶ
675 1694 923 1748 αὐξανόμενα
942 1694 988 1737 δι’
1007 1696 1118 1748 ἡμᾶς.
1149 1693 1173 1747 ἢ
1191 1695 1268 1737 ὑπὸ
1289 1698 1389 1737 θεῶν
1408 1695 1625 1750 ἐνεχθέντα

162 1764 225 1805 καὶ
244 1766 350 1806 θεοῖς
370 1761 554 1813 δόξαντα.

217 1843 315 1886 907.
345 1830 560 1883 δμαθέντες
590 1830 735 1887 Steph.
762 1840 804 1872 et
829 1831 950 1873 codd.
982 1831 1182 1888 plerique.
1213 1831 1426 1883 δμηθέντες
1447 1832 1498 1873 C.
1530 1835 1623 1884 δμα-

157 1898 322 1942 σθέντες
343 1897 462 1954 Lips.
494 1898 733 1950 δαμαθέντες
753 1899 866 1941 Rob.
897 1899 1164 1952 δαμασθέντες
1193 1907 1395 1955 quattuor
1425 1898 1548 1940 codd.
1579 1906 1624 1941 et

160 1965 263 2007 Ald.
285 1966 425 2006 Turn.
471 1966 523 2006 In
545 1965 706 2007 scholiis
725 1976 819 2023 post
839 1967 965 2009 verba
984 1983 1110 2024 supra
1129 1968 1319 2024 apposita
1339 1966 1492 2023 legitur
1513 1967 1623 2008 Δίων

160 2034 376 2087 ἅμαθεντες
398 2032 494 2088 (sic)
516 2034 751 2091 corruptela
772 2035 1000 2077 manifesta.
1033 2036 1143 2077 Δίων
1162 2050 1210 2076 ex
1233 2034 1280 2077 δι’
1302 2037 1358 2076 ὧν
1376 2043 1515 2076 ortum
1536 2049 1623 2076 esse

159 2101 261 2144 vidit
283 2101 568 2144 Blomfieldus.

215 2170 429 2225 πλαγαῖσι]
449 2187 493 2211 τε
511 2169 674 2211 addunt
694 2169 780 2212 duo
799 2170 921 2212 codd.

215 2250 312 2293 910.
334 2237 682 2294 ἀτεκμαρτοτάτης]
705 2239 1046 2293 ἀτεκμαρτοτάτως
1067 2240 1203 2281 Viteb.

215 2320 314 2363 913.
347 2306 470 2364 ἐμῶν]
503 2307 590 2359 ἐμοὶ
619 2307 943 2364 superscriptum
974 2308 1016 2349 in
1042 2308 1189 2350 Guelf.
1218 2323 1270 2348 ex
1301 2308 1552 2364 conjectura,
1575 2317 1622 2349 ut

159 2374 338 2424 videtur,
359 2374 528 2424 librarii,
550 2373 622 2415 sed
641 2389 690 2415 ea
710 2390 818 2416 vera.

218 2455 315 2497 914.
347 2441 513 2483 ἐσιδόντ’
535 2442 611 2483 etsi
637 2457 714 2498 pro
739 2441 882 2483 dativo
901 2443 1029 2498 accipi
1051 2452 1201 2499 potest,
1224 2442 1323 2484 eliso
1343 2443 1441 2493 iota,
1463 2444 1516 2484 (le
1536 2460 1622 2500 quo

156 2509 339 2551 diximus
367 2509 422 2551 ad
446 2525 485 2551 v.
508 2510 607 2565 850,
640 2519 776 2551 tamen
807 2509 930 2551 etiam
961 2525 1037 2566 pro
1066 2510 1300 2552 accusativo
1330 2510 1473 2551 haberi
1502 2527 1622 2568 posse

157 2579 349 2635 exempla
368 2577 518 2620 docent
537 2578 591 2619 ab
611 2577 812 2619 Elmsleio
831 2587 1070 2635 comparata
1088 2578 1142 2619 ad
1164 2578 1313 2635 Eurip.
1333 2579 1502 2621 Heracl.
1520 2581 1619 2636 693.

160 2648 357 2688 Ceterum
380 2645 560 2688 εἷσιδόντ’
590 2645 723 2687 Paris.
745 2661 856 2687 unus
879 2661 973 2687 cum
997 2646 1098 2687 Ald.
1121 2646 1248 2698 Rob.,
1268 2646 1372 2687 alius
1401 2648 1619 2699 ἐσιδόντος,

158 2715 304 2756 tertius
323 2715 493 2772 quidam
516 2714 718 2757 εἷσιδοΰσ’.
780 2715 876 2756 Non
899 2714 1004 2756 male
1026 2715 1168 2756 ἐσιδὼν
1189 2714 1336 2756 Guelf.

215 2794 311 2837 915.
342 2785 469 2837 ὄφελε
501 2784 638 2824 Turn.
669 2784 821 2836 ὄφελεν
843 2783 907 2824 Μ.
940 2783 1074 2836 ὤφελε
1101 2781 1260 2823 codices
1290 2781 1438 2838 reliqui
1457 2791 1499 2823 et
1519 2782 1618 2825 Ald.

159 2851 268 2892 Rob.
291 2852 446 2904 ὄφελον
465 2851 507 2892 in
529 2867 649 2893 versu
671 2850 919 2908 anapaestico
938 2850 1044 2892 dixit
1066 2849 1292 2907 Euripides
1314 2849 1433 2892 Med.
1452 2863 1572 2907 1413.

216 2921 294 2960 Ζεῦ
313 2920 441 2961 Α.Μ.
474 2920 572 2964 Ζεὺς
591 2919 733 2976 vulgo.

856 3000 884 3028 Q.
903 3000 931 3039 q
1531 3007 1550 3027 a
