1898 3256
554 241 644 284 AD
677 238 1155 284 PROMETHEUM.
1507 243 1591 285 113

123 366 203 392 σαν
222 357 433 405 περισσῶς.
454 354 575 410 cujus
595 354 808 396 sententiae
828 363 974 396 auctor
999 353 1181 395 incertus
1205 352 1303 404 fuit,
1331 361 1437 395 teste
1464 353 1591 396 schol.

121 418 174 459 ad
210 420 360 476 Eurip.
399 421 576 478 Hippol.
609 423 706 477 265.
766 421 948 478 Longin.
983 435 1125 462 versus
1157 421 1228 462 fin.
1266 424 1589 473 νεοττοποιεΐται,

123 488 221 527 κατὰ
256 488 343 531 τοὺς
376 489 539 542 σοφούς.
601 487 795 545 Sophocl.
832 489 900 530 El.
938 489 1008 530 62.
1043 488 1115 541 ἤδη
1146 490 1224 542 γὰρ
1256 488 1364 530 εἶδον
1396 487 1591 532 πολλάκις

125 553 187 593 καὶ
225 554 314 597 τοὺς
347 556 500 609 σοφοὺς
532 557 651 612 Λόγῳ
690 555 816 608 μάτην
850 555 1108 608 θνήσκοντας.
1151 556 1178 597 i.
1206 572 1243 598 e.
1308 556 1591 612 Philosophos.

124 620 356 664 BLOMF.

182 687 277 743 893.
300 689 512 746 χερνήταν]
534 690 749 743 Χερνήτης,
774 691 858 739 Qui
881 705 1082 732 manuum
1102 691 1240 732 labore
1253 692 1408 733 victum
1427 693 1591 748 quaerit.

122 758 312 808 Χερνῆτις
331 757 499 813 proprie
518 757 671 799 dicitur
689 757 856 807 femina,
872 773 966 813 quae
982 758 1086 812 χειρὶ
1106 758 1229 810 νήθει,
1247 768 1351 800 teste
1368 758 1596 800 Eustathio

120 821 173 862 ad
197 822 249 863 Il.
274 827 330 865 M.
351 839 390 879 p.
417 836 515 878 912,
534 825 604 879 38.
626 839 722 880 quae
750 823 928 866 lanificio
956 825 1112 866 victum
1139 826 1305 881 quaerit.
1340 827 1517 869 Homer.
1540 826 1594 868 Il.

122 891 181 929 M.
202 902 302 945 433.
323 890 423 944 γυνὴ
443 894 640 945 χερνῆτις,
663 891 779 948 quod
799 891 1001 947 Virgilius
1021 892 1080 933 ita
1106 893 1259 943 reddit,
1271 895 1597 950 semina—Cui

122 957 299 999 tolerare
327 959 412 999 colo
433 960 564 1000 vitam
587 961 782 1016 tenuique
802 961 1018 1001 Minerva.
1054 961 1231 1002 Terent.
1254 961 1392 1003 Andr.
1418 963 1456 1002 1.
1478 962 1504 1002 i.
1524 962 1595 1014 48.

122 1025 252 1065 vitam
269 1039 398 1081 parce
418 1040 468 1067 ac
487 1027 655 1068 duriter
674 1027 855 1084 Agebat,
877 1027 979 1068 lana
1000 1041 1050 1068 ac
1070 1028 1151 1069 tela
1173 1029 1328 1070 victum
1350 1030 1594 1086 quaeritans.

121 1091 301 1133 Archias
320 1092 362 1133 in
383 1093 562 1135 Anthol.
583 1096 625 1145 6,
649 1096 689 1144 8,
712 1108 778 1136 10.
799 1095 852 1136 de
873 1095 1006 1136 tribus
1033 1095 1221 1147 lanificis,
1250 1098 1326 1141 Οἷς
1353 1098 1480 1152 ἔσχον
1504 1097 1598 1153 χέρ-

122 1175 219 1211 νητα
247 1161 342 1211 βίον
367 1161 542 1213 δηναιὸν,
560 1161 715 1204 Ἀθάνα
734 1164 902 1211 Πότνια,
925 1162 1033 1204 ταῦθ’
1055 1164 1097 1204 αἱ
1126 1164 1197 1205 σαὶ
1228 1165 1293 1205 σοὶ
1323 1164 1451 1206 θέσαν
1482 1164 1598 1218 ἐργά-

120 1230 236 1270 τιδες.
298 1229 537 1270 Masculino
565 1245 716 1286 genere
753 1230 906 1271 dicitur
935 1230 1079 1284 χέρνης
1109 1230 1173 1271 vel
1203 1231 1411 1285 χερνήτης.
1443 1232 1597 1289 Eurip.

121 1293 191 1334 El.
216 1304 314 1348 207.
334 1297 379 1337 ἐν
397 1296 565 1350 χέρνησι
586 1298 719 1349 δόμοις
739 1298 848 1339 ναίω.
881 1298 1115 1339 BLOMF.

179 1363 430 1418 ἐραστεῦσαι]
465 1364 686 1421 Appetere.
750 1365 932 1406 Verbum
971 1364 1070 1406 alibi
1100 1365 1253 1407 vidisse
1283 1381 1366 1408 non
1397 1367 1592 1409 memini:

119 1428 324 1470 formatur
346 1440 485 1471 autem
515 1431 569 1472 ab
600 1432 780 1484 ἐραστής,
810 1442 858 1473 ut
886 1433 1066 1484 ληστεύω
1096 1447 1122 1473 a
1150 1433 1313 1485 ληστής,
1340 1436 1546 1486 μνηστεύω
1571 1450 1597 1477 a

118 1496 309 1548 μνηστής,
331 1507 372 1538 et
394 1497 551 1540 similia.
585 1500 817 1541 BLOMF.

178 1563 275 1618 894.
296 1564 492 1606 Alterum
513 1565 665 1617 μήποτε
684 1566 886 1608 omittunt
906 1566 1067 1623 aliquot
1089 1568 1214 1609 codd.

173 1629 326 1682 μήποτέ
341 1631 398 1688 μ’]
418 1632 557 1686 μήποτ’
579 1634 702 1675 codd.
723 1634 913 1676 nonnulli
931 1644 975 1676 et
996 1634 1101 1677 Ald.

178 1699 275 1754 895.
298 1700 487 1742 Iudicavi
506 1700 709 1743 lacunam.
761 1702 981 1744 Excidisse
1002 1702 1168 1744 videtur
1187 1703 1400 1759 epitheton
1422 1704 1594 1761 aliquod

121 1766 361 1814 Parcarum,
383 1793 413 1798 -
431 1790 459 1808 υ
478 1793 508 1799 -
528 1801 537 1809 .

176 1833 334 1887 λεχέων
355 1834 467 1890 Διὸς]
490 1835 588 1879 Διὸς
616 1835 772 1890 λεχέων
796 1835 919 1879 codd.
953 1837 1155 1893 quinque.
1189 1838 1286 1881 Διὸς
1315 1853 1400 1879 om.
1431 1838 1593 1895 aliquot

119 1900 245 1942 codd.
267 1911 309 1943 et
327 1902 432 1944 Ald.
455 1904 595 1944 Turn.

179 1968 277 2022 897.
297 1970 493 2020 πλαθείην
513 1969 579 2011 Μ.
599 1979 642 2010 et
662 1969 832 2010 Barocc.
894 1969 1034 2026 Vulgo
1053 1973 1294 2023 πλασθείην.

175 2036 342 2091 γαμέτᾳ]
364 2038 409 2078 ἐν
430 2037 672 2078 C.D.E.M.
695 2036 849 2092 aliique
868 2052 963 2078 cum
986 2037 1091 2079 Ald.
1115 2039 1226 2080 Rob.
1251 2040 1388 2082 Turn.

178 2102 274 2157 899.
303 2103 408 2157 μέγα
439 2103 698 2146 Schuetzius.
730 2121 780 2156 με
810 2104 923 2159 γάμῳ
944 2104 1049 2146 Ald.
1079 2105 1193 2160 γάμῳ
1223 2105 1318 2147 edd.
1340 2106 1514 2164 reliquae
1533 2117 1588 2158 et,

122 2179 171 2211 ut
192 2170 374 2222 videtur,
395 2171 568 2214 codices.
625 2207 627 2209 .

177 2238 442 2295 δαπτομέναν]
464 2239 496 2280 δ’
518 2240 744 2292 ἁπτομένην
764 2240 867 2281 Ald.

178 2318 278 2359 900.
305 2306 548 2351 δυσπλάνοις
566 2307 697 2348 codex
721 2308 906 2355 Barocc„
930 2307 1034 2348 liber
1055 2308 1303 2364 Bigotianus
1322 2318 1363 2350 et
1386 2324 1471 2350 var.
1494 2310 1588 2352 lect.

120 2387 190 2429 ap.
213 2373 477 2415 Turnebum.
539 2374 659 2415 Libri
678 2374 826 2430 reliqui
847 2374 1156 2429 δυσπλάγχνοις.

179 2441 381 2484 ἀλατείαις
399 2441 457 2481 D.
518 2441 638 2482 Libri
670 2441 819 2498 reliqui
848 2440 918 2482 alii
948 2442 1190 2493 ἆλατείαισι,
1218 2443 1333 2497 quod
1363 2453 1424 2484 est
1453 2443 1496 2484 in
1519 2444 1586 2485 M.

121 2517 163 2548 et
202 2507 330 2558 Rob.,
369 2507 438 2548 alii
473 2509 688 2556 ἆλατίαισι,
726 2518 775 2550 ut
810 2508 912 2550 Ald.
952 2508 1042 2564 (qui
1083 2510 1317 2559 ἅλατίαισι).
1359 2511 1589 2553 ἆλατίαισιν

123 2575 260 2615 Turn.

179 2639 313 2683 πόνων
331 2655 397 2682 om
421 2642 472 2682 C.
493 2651 535 2682 et
556 2643 694 2683 Turn.

180 2720 277 2762 902.
298 2707 536 2749 Delendum
559 2710 729 2761 ἄφοβος,
751 2709 866 2765 quod
886 2718 948 2750 est
967 2708 1170 2764 glossema
1189 2709 1382 2765 adjectivi
1403 2711 1567 2762 ὁμαλός.

181 2778 283 2816 θεῶν
301 2774 344 2815 in
365 2774 459 2816 edd.
483 2774 690 2816 veteribus
709 2786 818 2816 recte
837 2775 890 2816 ad
913 2790 1077 2816 versum
1099 2777 1338 2832 proximum
1361 2777 1550 2820 refertur.

181 2855 278 2898 903.
325 2841 421 2894 ἔρως
458 2850 568 2882 recte
606 2841 760 2883 delevit
800 2841 1057 2884 Schuetzius.
1118 2844 1199 2885 Est
1235 2844 1345 2885 enim
1383 2844 1587 2900 glossema

124 2909 409 2965 proximorum
431 2908 654 2950 verborum
674 2909 850 2962 ἄφυκτον
869 2910 987 2962 ὄμμα.

178 2975 418 3029 προσδράκοι
450 2975 667 3018 Salvinius.
699 2975 938 3029 προσδάρκοι
967 2977 1035 3018 Μ.
1066 2977 1291 3032 προσδράκῃ
1319 2979 1431 3020 Rob.
1462 2996 1585 3033 προσ-

839 3058 863 3084 1²
