1898 3256
677 237 768 278 AD
800 235 1051 278 PERSAS.
1515 233 1601 275 287

191 350 288 406 653.
319 349 425 405 οὔτε]
458 347 733 390 Scribendum
754 346 858 390 οὐδέ.
907 344 1147 388 Brunckius
1167 353 1328 386 servato
1348 343 1438 385 οὔτε
1458 343 1598 398 proxi-

134 430 246 457 mum
270 418 313 458 δὲ
331 416 374 457 in
395 434 440 458 τε
458 415 649 458 mutavit.

192 486 289 540 655.
311 484 554 540 θεομήστωρ]
577 485 669 525 Par
688 484 771 525 diis
791 483 1074 525 consiliarius.
1116 482 1187 522 Ex
1210 478 1438 520 Homerico
1458 480 1601 533 θεόφιν

133 552 293 606 μήστωρ
323 551 556 601 ἀτάλαντος,
592 552 714 594 Iliad.
737 556 792 602 H,
813 552 913 607 366.
935 560 1013 592 etc.
1046 548 1293 601 Θεομήστωρ
1322 547 1494 603 quidam
1528 549 1602 590 Sa-

132 619 309 662 miorum
342 632 544 677 tyrannus
573 630 828 662 memoratur
858 618 1064 660 Herodot.
1091 620 1130 667 ὃ,
1154 618 1224 673 85.
1277 615 1502 672 Inscriptio
1530 631 1598 672 ap.

134 689 263 744 Spon.
286 689 410 730 Misc.
433 688 569 730 Erud.
591 691 695 730 Ant.
717 704 759 744 p.
780 689 880 744 368.
903 692 1017 740 σῶμα
1034 688 1109 740 μὲν
1135 687 1205 737 ἥδε
1226 686 1330 728 κόνις
1354 685 1483 726 κεύθει
1514 687 1601 726 θεο-

131 756 327 810 μήστορος
347 758 497 811 ἀνδρός.
531 757 764 798 BLOMF.

191 826 287 880 657.
316 825 518 880 ἐποδώκει]
551 826 748 867 ἐπωδώκει
786 825 985 866 Cantabr.
1016 823 1186 880 primus,
1239 821 1482 871 Scholiasta,
1514 821 1600 862 ἐπεὶ

130 893 202 935 οὖν
223 894 286 935 καὶ
302 898 431 937 καλῶς
451 895 638 936 ε’ποδῶκει
658 895 722 935 καὶ
749 895 859 935 ἴθυνε
891 894 953 935 καὶ
972 893 1049 934 ὑπὸ
1069 892 1140 933 τὸν
1163 893 1302 932 ἑαυτοῦ
1323 891 1426 931 πόδα
1445 890 1600 944 ἡνιόχει

131 961 203 1003 τὸν
224 964 409 1015 στρατόν.
470 964 625 1004 Versus
654 962 769 1019 quod
799 961 983 1018 postulat
1013 976 1090 1018 pro
1112 959 1192 1001 isto
1219 958 1366 1000 vitioso
1397 959 1599 1008 ἐποδῶκει,

132 1044 253 1071 versu
288 1030 498 1087 strophico
530 1030 718 1081 docente,
746 1030 819 1086 qui
854 1030 1025 1087 quidem
1067 1039 1114 1071 ut
1153 1043 1236 1070 non
1275 1026 1387 1068 omni
1428 1025 1598 1068 dubita-

132 1097 244 1140 tione
282 1110 486 1149 exemtus,
527 1099 586 1140 ita
634 1091 711 1140 hac
759 1101 801 1140 in
852 1109 969 1155 parte
1010 1107 1128 1141 tutus
1167 1097 1347 1147 videtur,
1390 1095 1472 1137 tale
1510 1105 1596 1138 est:

131 1190 159 1208 υ
179 1192 209 1198 -
226 1192 256 1198 -
274 1166 317 1208 ἕ.
370 1167 425 1208 Id
445 1178 599 1224 praesto
616 1167 825 1209 lenissima
844 1168 1145 1218 emendatione,
1165 1167 1296 1216 ἔσκεν,
1320 1165 1406 1206 ἐπεὶ
1427 1165 1599 1218 στρατὸν

133 1235 176 1276 εὖ
196 1234 280 1276 πόδ’
303 1236 463 1286 ὡδώκει,
484 1246 699 1292 praeeunte
721 1237 980 1286 Hermanno,
1003 1235 1076 1292 qui
1096 1234 1193 1276 olim
1225 1232 1443 1290 proposuit
1462 1248 1599 1274 emen-

132 1302 339 1344 dationem
361 1303 448 1345 ποθ’
471 1305 629 1346 ὡδῶκει.
670 1305 778 1345 Cum
801 1304 1106 1346 constructione
1126 1301 1348 1344 accusativi
1367 1302 1470 1342 πόδα
1488 1316 1599 1343 com-

131 1362 302 1427 paretur
334 1372 465 1428 Soph.
496 1372 601 1414 OEd.
633 1372 722 1414 Col.
749 1386 843 1428 113.
869 1373 921 1414 σύ
946 1371 984 1424 μ’
1008 1374 1050 1424 ἐξ
1081 1374 1173 1413 ὁδοῦ
1201 1372 1305 1413 πόδα
1333 1371 1489 1424 κρύψον
1517 1368 1598 1411 κατ’

133 1440 270 1484 ἄλσος.
330 1442 590 1483 NAEKIUS
620 1441 662 1482 in
694 1440 896 1498 prooemio
924 1440 1147 1482 lectionum
1184 1439 1449 1481 hibernarum
1483 1439 1597 1479 Bon-

132 1509 319 1550 nensium
341 1524 377 1550 a.
404 1510 481 1565 183
487 1523 526 1564 5.
549 1525 589 1565 p.
610 1523 653 1565 3.
707 1510 803 1550 Hac
823 1510 1061 1566 conjectura
1082 1523 1226 1550 verum
1249 1523 1291 1548 se
1312 1522 1393 1548 non
1415 1506 1599 1562 attigisse

134 1575 308 1618 Naekius
337 1577 426 1631 ipse
460 1577 727 1634 postmodum
763 1577 860 1618 mihi
895 1577 1105 1619 concessit.
1151 1578 1334 1630 ἐποδόχει
1369 1574 1599 1630 conjecerat

133 1645 272 1687 Faber
291 1645 429 1703 Epist.
459 1660 494 1687 1.
526 1663 567 1704 p.
592 1659 689 1701 223.
717 1645 866 1687 collato
890 1646 1060 1688 Polluce
1086 1660 1119 1697 1,
1143 1646 1214 1701 98.
1242 1646 1263 1686 ὃ
1287 1644 1350 1686 ἐπὶ
1369 1648 1452 1686 τοῖς
1472 1645 1599 1695 οἴαξιν

134 1715 305 1765 ἑστηκὼς
325 1715 388 1755 καὶ
409 1714 490 1755 κατ’
509 1714 762 1768 Ἀντιφῶντα
781 1717 977 1768 ποὸοχῶν.

190 1783 724 1838 658—664—-665—671.
750 1808 752 1810 -

190 1851 287 1904 658.
317 1850 468 1906 βαλήν]
490 1853 601 1892 Rex.
646 1850 783 1892 Schol.
813 1850 948 1902 βαλὴν
972 1851 993 1891 ὁ
1020 1848 1216 1902 βασιλεὺς
1244 1849 1418 1902 λέγεται.
1466 1847 1599 1901 Εὐφο-

130 1919 227 1972 ρίων
253 1918 297 1960 δέ
324 1925 424 1972 φησι
452 1921 634 1972 Θουρίων
664 1920 765 1960 εἶναι
791 1919 862 1970 τὴν
889 1918 1111 1959 διάλεκτον.
1155 1918 1248 1959 ὅθεν
1278 1918 1342 1959 καὶ
1371 1920 1599 1967 Βαληναῖον

132 1987 223 2040 ὄρος
245 1986 668 2042 (Pseudo-Plutarch.
690 1987 743 2028 de
768 1987 954 2028 Flumin.
983 2002 1025 2043 p.
1053 2000 1067 2027 1
1081 1988 1196 2041 155.)
1219 1986 1242 2025 ὅ
1263 1987 1348 2026 ἐστι
1368 1987 1595 2031 βασιλικόν.

131 2070 228 2111 quae
248 2055 374 2097 habet
395 2055 591 2097 Eustath.
612 2055 665 2097 ad
688 2055 812 2097 Iliad.
835 2059 875 2096 Γ.
907 2070 950 2111 p.
970 2055 1070 2110 381.
1091 2063 1132 2095 et
1152 2053 1203 2094 ad
1229 2053 1311 2095 Od.
1332 2057 1381 2094 Τ.
1408 2069 1446 2109 p.
1475 2054 1597 2108 1854.

133 2125 249 2166 Sext.
271 2124 433 2181 Empir.
455 2124 548 2166 adV.
573 2124 780 2166 Mathem.
800 2139 844 2180 p.
864 2124 960 2167 286.
983 2124 1037 2164 Οἱ
1056 2124 1163 2175 παρὰ
1179 2125 1384 2176 Σοφοκλεῖ
1399 2121 1595 2173 ποιμένες,

130 2191 196 2234 Ἰὼ
235 2193 398 2245 βαλλὴν
430 2193 633 2246 λέγοντες,
670 2194 713 2234 ἰὼ
744 2196 917 2245 βασιλεῦ
952 2191 1131 2245 λέγουσι,
1174 2191 1380 2243 Φρυγιστί.
1443 2190 1596 2231 Vocem

131 2260 386 2302 Phoeniciam
407 2276 494 2302 esse
514 2261 631 2302 aiunt
653 2260 890 2311 Salmasius,
913 2259 1160 2308 Bochartus,
1182 2268 1223 2299 et
1246 2257 1523 2314 Spanhemius
1542 2258 1597 2300 ad

132 2329 295 2372 callim.
326 2345 368 2386 p.
389 2332 460 2385 56.
494 2330 728 2371 BLOMF.
778 2329 943 2381 βαλλὴν
976 2329 1043 2368 Μ.
1078 2337 1120 2368 et
1147 2337 1230 2368 tres
1261 2326 1327 2367 alii
1358 2341 1452 2367 cum
1484 2326 1596 2368 Rob.

133 2398 200 2439 De
230 2408 407 2454 utraque
438 2397 643 2454 scriptura
675 2397 782 2439 dixit
816 2398 869 2438 L.
892 2395 1139 2437 Dindorfius
1174 2394 1214 2435 in
1248 2393 1469 2434 Thesauro
1506 2395 1596 2435 Ste-

131 2465 258 2522 phani
279 2466 357 2507 vol.
381 2479 421 2510 2.
441 2482 485 2523 p.
510 2478 577 2521 79.

186 2535 259 2590 ἴθι]
301 2536 397 2576 Non
432 2535 567 2591 placet
599 2533 649 2575 ἴθ’
682 2532 749 2584 ἴθ’,
789 2531 903 2588 quod
943 2530 1152 2573 Seidlerus
1190 2529 1243 2571 de
1284 2544 1389 2570 verS.
1430 2528 1594 2569 dochm.

129 2616 172 2658 p.
196 2603 288 2658 198.
319 2602 459 2659 posuit
488 2602 627 2643 hiatus
656 2599 896 2642 removendi
926 2614 1085 2648 caussa,
1107 2597 1181 2654 qui
1210 2597 1286 2638 hoc
1312 2596 1403 2638 loco
1430 2596 1596 2637 videtur

131 2670 317 2712 excusari
336 2686 469 2727 posse.
514 2669 699 2711 Vitiosus
720 2684 817 2709 vero
838 2668 975 2709 hiatus
1001 2679 1063 2708 est
1083 2669 1137 2708 ἴθι
1157 2668 1210 2707 ἴθι
1238 2683 1305 2718 μοι
1334 2666 1460 2707 παιών
1479 2664 1595 2721 apud

131 2738 260 2794 Soph.
283 2738 459 2780 Philoct.
483 2739 580 2793 832.

188 2807 286 2862 ἱκοῦ]
309 2806 577 2847 Scribebatur
597 2806 693 2846 ἵκου.

187 2875 286 2916 660.
306 2874 483 2929 εὔμαριν]
506 2872 784 2914 Penultimam
806 2871 848 2912 in
871 2872 1029 2923 εὔμαρις
1048 2868 1222 2926 produci
1243 2868 1362 2909 docet
1385 2868 1596 2910 Porsonus

131 2941 184 2983 ad
215 2941 365 2998 Eurip.
399 2943 536 2984 Orest.
573 2942 690 2995 [364.
746 2940 812 2981 Sic
844 2938 1056 2995 Lycophr.
1081 2937 1176 2991 855.
1212 2937 1275 2978 καὶ
1304 2937 1373 2980 τὰς
1402 2935 1597 2990 δάμαρτος
