1898 3256
340 220 421 265 196
806 224 1298 266 ANNOTATIONES

391 330 526 385 τύχας]
545 331 672 374 πύλας
690 330 791 372 Ald.

392 398 488 450 634.
520 398 796 451 ἐπικηρυχθεὶς,
827 400 1084 455 designatus.
1115 399 1316 440 Abresch.
1348 398 1541 440 subaudit
1562 402 1762 451 βασιλεύς.

336 463 497 503 Locum
527 472 679 514 autem,
701 465 773 519 qui
792 464 917 520 vulgo
939 465 1043 506 male
1067 465 1347 522 distinguitur,
1368 465 1426 506 ita
1445 474 1590 514 vertas,
1614 466 1763 512 Quales

334 530 586 584 imprecatur
604 537 642 571 et
662 532 780 571 enioee
792 533 899 586 petit
917 538 1099 580 eventus,
1115 533 1266 572 scilicet
1284 546 1342 581 se,
1363 534 1470 584 (cum
1490 538 1626 574 turres
1645 546 1763 572 scan-

334 594 454 645 derit,
475 602 514 636 et
531 610 608 637 γεω
626 599 847 638 nunciatus
848 597 1011 651 sicera,
1027 605 1066 639 et
1084 599 1246 638 Paecma
1265 599 1312 639 ob
1330 604 1490 653 captam
1510 599 1648 639 urbem
1668 612 1764 638 can-

334 664 501 714 taverit)
525 668 653 703 tecum
672 665 882 720 congredi,
904 671 976 705 etc.
1011 666 1239 706 BLOMF.

390 729 485 782 636.
505 729 768 781 ξυμφέρεσθαι
789 731 1034 772 Brunckius.
1066 731 1335 785 συμφέρεσθαι
1354 732 1461 773 libri.

389 795 488 846 640.
507 798 577 847 γῆς
599 797 662 836 Μ.
684 795 844 850 aliique.
875 801 948 849 γᾶς
966 798 1103 852 vulgo.

391 862 486 910 642.
510 862 666 901 εὔθετον
686 862 795 902 ΑΒ.
820 864 895 902 Ar.
918 878 1002 904 var.
1022 863 1141 904 lectio
1160 864 1200 904 in
1224 865 1416 906 Cantabr.
1440 865 1629 915 secundo,
1651 865 1760 906 Rob.

335 925 453 966 Libri
483 926 641 982 reliqui,
662 928 767 968 inter
796 943 900 983 quos
921 931 986 970 M.
1005 945 1171 985 quoque
1199 940 1273 979 est,
1295 933 1493 981 εὔκυκλον,
1513 932 1682 972 fortasse
1711 946 1763 971 ex

332 1007 370 1033 v.
399 1006 495 1047 590.
526 993 697 1034 illatum.
761 995 983 1036 Scholiasta
1010 996 1084 1051 qui
1119 998 1303 1037 εὔκυκλον
1331 997 1444 1052 legit,
1478 998 1670 1050 γράφεται
1703 999 1760 1047 δὲ,

331 1059 481 1115 inquit,
503 1061 564 1101 καὶ
585 1062 741 1102 εὔθετον
761 1061 892 1110 σάκος,
914 1063 978 1103 ἵνα
996 1061 1020 1118 ᾗ
1040 1062 1084 1102 τὸ
1105 1062 1381 1114 εὐβάστακτον.

389 1129 486 1182 643.
520 1129 946 1182 προσμεμηχανημένον
976 1130 1043 1170 Μ.
1073 1129 1223 1185 aliique
1256 1129 1454 1171 nonnulli.
1489 1147 1763 1184 προσμεμηχα-

333 1191 519 1243 νευμένον
539 1192 676 1248 vulgo.
735 1193 895 1234 Eadem
914 1193 1112 1234 librorum
1132 1194 1400 1250 discrepantia
1420 1203 1480 1236 est
1498 1210 1536 1235 v.
1556 1207 1652 1249 541.

388 1260 485 1311 644.
532 1259 763 1313 τευχηστὴν]
811 1260 1018 1313 τευχιστὴν
1055 1259 1157 1300 Ald.
1197 1261 1305 1301 Rob.
1348 1262 1482 1301 Turn.
1521 1270 1562 1302 et
1606 1261 1763 1302 codices

330 1325 496 1381 aliquot.

388 1393 482 1442 648.
515 1391 593 1442 ἕξει
621 1391 803 1447 πατρῴαν
821 1394 898 1433 Ar.
929 1393 1110 1449 πατρῴαν
1137 1394 1213 1444 ἕξει
1240 1394 1435 1435 Cantabr.
1465 1404 1648 1449 uterque.
1680 1394 1761 1445 ἔξει

328 1457 515 1513 πατρῴων
537 1458 673 1513 vulgo.
733 1460 972 1514 Utrumque
1001 1459 1118 1500 scribi
1148 1461 1296 1515 potuit.
1355 1462 1511 1511 Quodsi
1540 1463 1658 1503 πόλιν
1683 1463 1760 1513 ἕξει

329 1523 509 1579 πατρῴαν
528 1524 691 1580 legitur,
713 1533 856 1581 sponte
875 1525 1114 1581 intelligitur
1133 1528 1288 1578 δώματα
1314 1542 1393 1568 non
1419 1527 1498 1568 alia
1525 1528 1605 1569 dici
1634 1543 1758 1584 quam

329 1590 498 1645 πατρῴα.
530 1593 647 1632 πόλιν
667 1591 847 1647 πατρῴαν
866 1592 970 1632 dixit
990 1607 1026 1633 v.
1045 1593 1144 1646 582.

386 1657 481 1710 650.
502 1658 638 1712 δοκεῖς]
660 1661 767 1699 δοκεῖ
786 1659 850 1699 M.
869 1667 910 1699 et
930 1668 1011 1699 tres
1029 1658 1111 1699 alii.
1142 1663 1248 1700 δοκεῖ
1265 1676 1328 1700 σοι
1348 1675 1454 1701 unus
1473 1670 1515 1701 et
1533 1660 1634 1702 Ald.

387 1723 484 1776 652.
503 1723 666 1778 μέμψει]
685 1724 822 1779 μέμψῃ
842 1724 945 1765 libri.

386 1791 482 1843 653.
516 1791 718 1844 θεομανές]
759 1791 893 1832 Schol.
925 1791 1216 1847 interpretatur
1244 1794 1290 1832 in
1324 1793 1417 1833 deos
1432 1794 1608 1847 furens.
1641 1794 1758 1835 male.

329 1856 490 1906 Potius,
511 1858 578 1897 cui
589 1858 792 1911 fitrorem
822 1859 882 1898 dii
911 1859 1168 1911 injecerunt,·
1201 1868 1248 1899 ut
1274 1858 1315 1898 in
1336 1859 1485 1915 Eurip.
1509 1861 1640 1901 Orest.
1664 1862 1758 1915 835.

328 1927 513 1974 θεομανεῖ
527 1924 659 1979 λύσσῃ
679 1926 822 1975 δαμείς.
855 1926 1082 1966 BLOMF.

384 1991 479 2043 654.
504 1989 618 2044 ἀμὸν]
642 1991 736 2040 ἐμὸν
758 1992 812 2031 Ν.-
835 1991 943 2032 Rob.
975 1991 1080 2042 ὠμὸν
1100 1993 1267 2032 Bai-occ.
1289 1992 1389 2032 Ald.

386 2057 481 2110 655.
503 2060 572 2097 νῦν
592 2057 696 2110 ἀραὶ]
717 2058 807 2109 ἀραὶ
827 2061 897 2098 νῦν
917 2057 1092 2099 Vindob.
1114 2059 1211 2108 duo,
1234 2058 1335 2099 Ald.
1357 2060 1467 2100 Rob.

384 2125 478 2176 656.
502 2124 670 2179 κλαίειν]
693 2123 962 2164 Scribendum
985 2124 1120 2165 κλάειν
1139 2139 1231 2164 cum
1254 2125 1476 2167 Brunckio.

383 2191 478 2243 657.
501 2189 806 2243 δυσφορώτερος]
827 2191 1124 2242 δυσφορώτατος
1141 2190 1297 2245 aliquot
1316 2191 1436 2231 codd.

385 2255 479 2308 658.
500 2255 740 2311 Πολυνείκη]
765 2257 999 2296 Πολυνείκει
1021 2256 1069 2295 Β.

384 2322 409 2360 6
411 2333 480 2374 59.
501 2320 682 2371 τᾶπίσημ’
705 2321 845 2376 Steph.
867 2330 908 2362 et
927 2337 1021 2377 pars
1035 2321 1234 2362 codicum.
1254 2322 1453 2373 τούπίσημ’
1474 2325 1591 2364 CM.
1609 2324 1759 2379 aliique

326 2396 366 2428 et
388 2387 489 2428 Ald.
512 2387 622 2427 Rob.
644 2389 778 2428 Turn.
805 2387 916 2442 quod
945 2402 1082 2428 verum
1114 2403 1199 2429 esse
1227 2399 1374 2444 potest,
1398 2389 1492 2431 licet
1520 2390 1759 2432 substantivi

327 2453 370 2494 τὸ
393 2455 562 2504 ἐπίσημα
581 2453 768 2508 exempla
786 2453 864 2493 alia
884 2453 1066 2493 nondum
1086 2453 1166 2494 sint
1186 2464 1356 2509 reperta.

384 2520 476 2573 ὅπη]
500 2521 589 2560 ὅποι
610 2520 674 2560 Μ.
700 2519 807 2560 Rob.
832 2519 973 2574 Steph.

383 2586 478 2626 661.
501 2586 575 2626 σὺν
594 2586 715 2639 φοίτῳ
730 2586 949 2626 A.B.C.E.
970 2585 1131 2641 aliique,
1149 2588 1260 2642 quod
1281 2590 1481 2643 συμφοίτῳ
1501 2589 1694 2645 scriptum
1716 2589 1758 2630 in

328 2652 392 2690 M.
414 2660 454 2691 et
474 2650 583 2691 Rob.
615 2651 688 2691 σὺν
707 2653 815 2706 τύφῳ
835 2651 936 2692 Ald.
959 2653 1096 2692 Turn.

384 2717 479 2758 662.
512 2716 630 2771 Δίκη]
661 2718 780 2757 Jovis
811 2717 903 2758 filia.
936 2718 1087 2773 Eurip.
1117 2719 1386 2762 Andromeda
1413 2737 1479 2776 ap.
1517 2723 1628 2763 Stob.
1665 2724 1757 2764 Ecl.

325 2798 366 2838 p.
386 2795 478 2836 123.
499 2782 583 2833 Τήν
602 2799 660 2822 τοι
681 2785 804 2834 Δίκην
822 2783 986 2836 λέγουσι
1004 2784 1107 2826 παῖδ’
1130 2786 1229 2827 εἶναι
1251 2788 1357 2829 Διός.
1390 2788 1615 2829 BLOMF.

384 2850 478 2900 664.
509 2850 684 2901 φυγόντα
716 2851 932 2902 (φεύγοντα
957 2851 1242 2905 Blomfleldus)
1263 2855 1452 2906 μητρόθεν
1471 2856 1630 2909 σκότον]
1656 2855 1754 2896 Pin-
