1898 3256
335 231 392 270 88
807 230 1299 271 ANNOTATIONES

391 341 489 390 677.
521 340 641 391 ἄκρην
668 340 730 396 τε]
763 341 883 391 ἄκραν
913 357 955 380 τε
976 341 1032 379 Α.
1062 340 1236 391 ἄκρηντε,
1257 338 1461 392 adscripto
1480 355 1540 390 γρ.
1563 338 1692 390 ἄκρον,
1715 339 1763 379 Β.

335 408 445 459 ἄκριν
463 424 506 447 τε
527 408 577 447 F.
608 408 727 459 ἄκρον
747 424 788 448 τε
810 407 926 461 Lips.
951 405 1049 446 Ald.
1072 405 1179 446 Rob.
1202 406 1332 456 ἄκρην,
1354 403 1465 458 quod
1486 403 1605 443 etiam
1627 419 1678 444 ex
1701 406 1764 444 M.

334 482 586 521 annotatum,
609 488 659 513 ex
691 473 809 524 ἀκτὴν
830 480 1069 527 corruptum
1099 487 1183 511 esse
1213 470 1384 525 conjecit
1417 470 1687 525 Spanhemius
1714 470 1765 510 ad

336 538 493 579 Callim.
514 538 556 578 h.
578 538 619 578 in
641 538 800 579 Pallad.
825 554 860 578 v.
884 539 951 590 46.
975 537 1084 577 unde
1107 535 1373 576 Blomfieldus
1399 534 1518 584 ἀκτήν
1542 551 1585 575 τε
1605 534 1766 586 Λέρνης.

337 605 493 646 Lenius
515 607 716 646 Canterus
735 605 884 657 Λέρνης
913 621 955 645 τε
985 603 1126 656 κρήνην
1152 602 1437 657 corrigendum
1467 601 1667 650 censebat,
1688 601 1766 641 col-

333 671 414 711 lata
443 671 702 712 annotatione
731 671 971 720 scholiastae,
992 671 1088 721 πρός
1114 685 1157 709 τε
1184 669 1252 709 τὸν
1277 670 1371 720 ῥοῦν
1389 671 1455 718 τῆς
1476 667 1664 720 Κέγχρης,
1684 668 1765 717 ἥτις

335 737 451 789 κρήνη
477 738 584 778 ἐστὶν
608 736 787 789 Ἀργους,
811 737 872 777 καὶ
897 736 991 788 πρὸς
1019 736 1089 786 τὴν
1107 735 1259 787 Λέρνην
1287 734 1357 784 τὴν
1384 733 1523 786 πηγήν.
1587 735 1652 774 De
1682 749 1765 788 quo

335 805 447 844 fonte
468 819 505 844 v.
527 805 684 858 Unger.
707 803 747 842 in
770 802 980 843 Thebanis
1003 800 1227 842 Paradoxis
1247 800 1322 840 vol.
1344 813 1375 840 ῐ.
1400 815 1438 854 p.
1458 813 1548 852 191.

392 872 485 923 678.
517 871 679 922 ἄκρατος
709 869 829 921 ὀργὴν
857 868 1006 909 dicitur
1026 870 1181 922 Argus,
1202 867 1299 921 quia
1329 866 1445 906 nimis
1473 881 1653 906 morosus
1679 876 1762 907 erat

335 936 579 976 observator.
640 934 821 984 Etenim,
845 943 890 974 ut
910 934 965 974 ait
987 934 1185 975 Ovidius:

509 1032 758 1072 Constiterat
777 1045 1013 1086 quocunque
1034 1032 1160 1080 modo,
1180 1032 1384 1087 Spectabat
1403 1033 1459 1072 acl
1478 1033 1539 1079 Io,

505 1099 611 1139 Ante
629 1099 764 1138 oculos
787 1099 848 1148 Io,
867 1099 1056 1153 quamvis
1075 1111 1262 1146 aversus,
1283 1098 1462 1138 habebat.

338 1196 606 1237 Luculentius
637 1211 732 1236 vero
760 1196 1014 1250 asperitatem
1038 1196 1144 1250 Argi
1175 1195 1362 1235 describit
1384 1195 1568 1235 Valerius
1595 1195 1767 1237 Flaccus

336 1265 495 1318 Argon.
517 1277 559 1315 4,
580 1277 676 1317 35¹-
700 1278 810 1318 seqq.
834 1265 962 1304 SCH.

392 1332 487 1382 679.
512 1332 607 1370 κατὰ
627 1330 802 1384 στίβους]
826 1330 1082 1381 καταστίβους
1102 1330 1167 1369 Μ.
1190 1329 1353 1384 aliique.

392 1398 489 1437 680.
522 1397 713 1451 ἀφνίδιος]
735 1396 973 1451 Legebatur
1000 1397 1205 1449 αἰφνίδιος.
1271 1395 1517 1436 Emendavit
1548 1396 1766 1437 Elmsleius

335 1462 480 1503 collata
498 1463 630 1517 glossa
650 1463 861 1518 Hesychii‚
884 1464 1066 1514 ἆφνιδία;
1101 1463 1312 1515 αἰφνιδίως,
1335 1463 1461 1514 ἄφνω.

393 1530 487 1569 681.
538 1528 794 1583 οἰστρόπληξ]
842 1529 1107 1570 Scribendum
1154 1529 1401 1581 οἶστροπλήξ.
1461 1534 1489 1553 “
1512 1528 1763 1583 Hujusmodi

335 1595 559 1650 composita
585 1611 609 1635 a
633 1595 799 1646 πλήσσω
829 1606 1008 1651 oxytona
1038 1607 1146 1647 sunt,
1177 1607 1347 1651 excepto
1374 1598 1538 1647 ὕσπληξ.
1572 1596 1765 1636 Eustath.

335 1663 388 1703 ad
411 1663 461 1702 11.
484 1666 527 1702 Z.
549 1676 587 1716 p.
609 1662 704 1714 629,
726 1672 794 1715 51.
829 1662 896 1704 Cf.
918 1663 1154 1704 Hemsterh.
1175 1663 1227 1703 ad
1254 1663 1407 1703 Thom.
1430 1664 1494 1703 M.
1516 1678 1553 1702 v.
1579 1662 1767 1702 Ἀκανθο-

335 1730 449 1780 πλήξ.
474 1730 586 1769 Bast.
608 1727 744 1783 Epist.
766 1728 867 1769 Crit.
890 1745 930 1784 p.
954 1743 1046 1784 213.
1072 1729 1259 1785 Sophocl.
1283 1730 1435 1770 Electr.
1455 1742 1495 1783 5.
1519 1732 1598 1779 Τῆς
1617 1731 1766 1780 οἶστρο-

335 1799 484 1848 πλῆγος
503 1795 628 1837 ἄλσος
645 1794 800 1848 Ἰνάχου
820 1794 968 1847 κόρης.”
988 1797 1216 1837 BLOMF.

393 1863 487 1904 682.
518 1864 591 1914 γῆν
619 1861 694 1913 πρὸ
723 1861 806 1915 γῆς]
839 1862 906 1902 De
934 1868 1049 1903 terra
1076 1864 1123 1902 in
1153 1868 1320 1904 terram.
1346 1862 1560 1917 Aristoph.
1582 1861 1764 1902 Acharn.

338 1939 435 1983 235.
485 1929 560 1968 Καὶ
591 1928 741 1968 διώκειν
774 1931 849 1980 γῆν
880 1928 954 1980 πρὸ
990 1932 1060 1981 γῆς
1094 1929 1164 1972 ἕως
1199 1929 1248 1970 ἂν
1278 1931 1413 1981 εὑρεθῇ
1442 1945 1548 1969 ποτε.
1595 1927 1763 1968 Lucian.

337 1994 577 2035 Alexandro
599 2005 636 2034 2.
657 2009 698 2049 p.
723 2005 814 2047 252.
840 1993 952 2035 ’Ἔδει
980 1998 1055 2047 γῆν
1080 1995 1154 2047 πρὸ
1183 1998 1254 2048 γῆς
1282 1996 1516 2036 ἐλαύνεσθαι
1546 1996 1595 2037 ὡς
1623 1995 1761 2046 ἀσεβῆ.

335 2060 448 2116 quod
469 2060 718 2115 comparavit
737 2060 911 2100 Dorvill.
931 2060 983 2100 ad
1004 2061 1212 2101 Chariton.
1234 2076 1276 2116 p.
1298 2071 1387 2113 147.
1411 2061 1539 2102 Cicer.
1560 2061 1611 2102 ad
1634 2061 1764 2102 Attio.

340 2141 406 2179 14,
427 2141 491 2168 10.
521 2128 667 2182 Itaque
685 2128 760 2178 γῆν
788 2125 862 2178 πρὸ
882 2129 953 2178 γῆς
971 2128 1118 2182 cogito.
1179 2128 1341 2168 Auctor
1370 2128 1502 2168 nescio
1530 2128 1623 2183 quis
1651 2127 1764 2183 apud

338 2192 453 2234 Suid.
474 2207 512 2233 v.
535 2192 774 2242 Διαξαίνειν.
803 2190 917 2232 Ἀλλ’
939 2194 1072 2234 εἴασεν
1097 2193 1215 2234 αὐτὸν
1241 2197 1316 2246 γῆν
1344 2194 1417 2246 πρὸ
1444 2197 1514 2247 γῆς
1539 2193 1705 2235 ἀπιέναι.
1727 2206 1767 2235 ct

334 2261 376 2301 in
393 2275 433 2301 v.
444 2259 545 2299 Ἴτω.
566 2257 678 2299 Ἀλλ’
696 2260 774 2308 ἴτω,
791 2258 973 2311 χαιρέτω,
989 2262 1063 2311 γῆν
1077 2259 1150 2311 πρὸ
1167 2262 1251 2312 γῆς,
1268 2261 1356 2300 ὅποι
1369 2262 1565 2311 βούλοιτο.
1591 2260 1708 2301 Idem
1725 2261 1764 2300 in

335 2342 374 2368 v.
394 2327 481 2379 Πρὸ
505 2329 585 2379 γῆς.
614 2325 720 2378 Ἐγὼ
741 2327 783 2366 δὲ
803 2326 934 2378 φεύγω
962 2329 1035 2378 γῆν
1054 2326 1128 2378 πρὸ
1156 2330 1238 2378 γῆς,
1260 2327 1507 2379 φοβούμενος
1534 2327 1602 2367 τὸν
1632 2328 1768 2380 ἄγριον

336 2395 543 2445 δεσπότην,
578 2391 608 2448 ᾧ
645 2396 801 2445 μᾶλλον
840 2394 966 2434 ἵππων
1001 2391 1025 2443 ἢ
1066 2394 1278 2445 ἀνθρώπων
1315 2393 1440 2443 μέλει.
1499 2392 1637 2433 Prima
1676 2408 1767 2447 pars

337 2460 516 2500 senarius
535 2470 619 2507 est;
651 2474 749 2499 num
780 2459 883 2499 alius
913 2459 1035 2500 lateat
1062 2459 1103 2499 in
1132 2458 1394 2514 sequentibus
1416 2459 1574 2499 dubito.
1634 2459 1768 2500 Abre-

337 2526 472 2567 schius
490 2526 630 2580 adjicit
650 2525 824 2566 Aristid.
851 2538 888 2568 2.
910 2540 948 2580 p.
977 2538 1073 2579 320.
1103 2525 1331 2580 Alciphron
1355 2537 1393 2567 2.
1416 2539 1452 2568 2.
1514 2526 1769 2566 Subauditur

337 2608 433 2633 vero
453 2595 492 2635 ἐς
511 2602 558 2633 ut
577 2592 618 2632 in
645 2593 735 2641 ὄζον
761 2591 823 2633 ἀπ’
846 2593 932 2640 ὄζον
960 2591 1168 2632 Theocrit.
1190 2592 1391 2632 Adoniaz.
1413 2603 1504 2634 122.
1537 2592 1766 2633 BLOMF.

339 2661 570 2699 Paucorum
599 2658 793 2699 librorum
816 2657 913 2698 vitia
939 2667 1034 2698 sunt
1063 2661 1137 2710 γῆν
1163 2657 1257 2709 πρὸς
1275 2661 1362 2710 γῆν,
1383 2658 1444 2698 vel
1467 2660 1541 2710 γῆν
1560 2658 1656 2710 πρὸς
1684 2661 1765 2711 γῆς,

337 2726 448 2779 quod
467 2736 528 2766 est
547 2725 587 2765 in
610 2726 690 2773 M.‚
711 2724 772 2765 vel
792 2727 866 2777 γῆν
887 2725 928 2765 ἐκ
948 2727 1029 2776 γῆς.
1051 2724 1162 2778 quod
1183 2724 1306 2764 habet
1326 2724 1434 2765 Rob.

394 2793 488 2846 683.
520 2794 543 2832 ὅ
570 2792 626 2848 τι]
659 2792 713 2832 ἔτι
744 2791 854 2831 Rob.
883 2801 924 2831 et
950 2792 1080 2831 MSS.
1102 2790 1284 2846 quidam,
1306 2790 1409 2831 inter
1428 2806 1530 2845 quos
1552 2792 1613 2831 M.
1637 2792 1762 2831 Hom.

339 2857 421 2898 Od.
443 2862 485 2898 Γ.
508 2860 573 2911 96.
606 2857 718 2908 Μηδέ
747 2874 782 2897 τι
810 2857 848 2907 μ’
870 2859 1070 2908 αἰδόμενος
1088 2858 1304 2908 μειλίσσεο,
1326 2856 1408 2908 μηδ’
1431 2858 1631 2911 ἐλεαίρων,
1649 2856 1763 2898 Ἀλλ’

339 2924 382 2965 εὖ
401 2941 466 2975 μοι
487 2923 711 2974 κατάλεξον.
734 2924 960 2964 BLOMF.
