1898 3256
352 204 435 246 306
823 208 1315 249 ANNOTATIONES

409 326 505 368 917.
525 315 656 370 μοῖρα]
677 318 791 370 μοίρᾳ
811 317 929 358 codd.
951 318 1066 358 multi
1088 328 1128 359 et
1149 319 1261 359 Rob.
1322 319 1467 360 Lectio
1486 334 1634 375 proper
1661 319 1789 360 nomi-

353 379 538 420 nativum
563 381 660 422 Ζεὺς
679 380 933 437 interpolata.

410 448 504 498 918.
536 447 667 487 ὀτοτοῖ
693 446 967 489 Blomfieldus.
1000 450 1126 490 ὀτοτοὶ
1146 450 1283 505 vulgo.
1315 450 1464 490 ὀττοτοὶ
1490 448 1645 503 aliquot
1669 449 1787 490 codd.

353 521 393 553 et
415 511 517 552 Ald.
540 512 649 553 Rob.
683 515 859 555 ὀτοτοτοῖ
877 515 941 554 Μ.

411 591 504 633 919.
536 580 790 631 Περσόνομος
819 581 918 632 τιμὴ,
941 581 1092 621 Honor
1110 582 1181 636 qui
1204 582 1348 622 Persis
1374 582 1425 622 ab
1453 582 1506 622 iis
1526 582 1698 622 habetur
1717 582 1788 636 qui

352 659 492 686 eorum
519 645 679 701 legibus
704 652 898 696 utuntur,
921 656 967 687 ut
994 662 1117 702 supra
1137 648 1233 701 585.
1256 650 1609 699 Περσονομοῦνται,
1632 648 1787 688 Persa-

354 726 451 752 rum
479 712 641 768 legibus
663 718 831 766 parenti
892 712 1085 768 Intelligo
1103 713 1257 768 igitur;
1291 714 1377 753 Hei
1403 714 1504 753 mila·
1521 715 1537 754 J
1565 714 1612 754 ob
1631 714 1786 766 fortem

353 780 591 827 exercitum,
611 784 650 818 et
666 778 853 819 subditas
867 784 1026 834 gentes,
1047 787 1123 820 etc.
1155 779 1220 820 Cf.
1243 780 1337 833 584.
1361 794 1471 835 seqq.
1503 780 1732 820 BLOMF.

414 856 508 897 921.
530 843 614 896 οὓς]
639 843 680 886 ὃς
701 844 867 884 Barocc.
890 843 990 885 Ald.

414 910 607 964 ἀπέκειρε]
630 909 827 962 ἐπέκειρεν
848 911 969 951 L.M.
994 910 1128 951 Viteb.

413 990 507 1033 922.
530 979 596 1033 γᾶ]
616 980 640 1030 ἡ
660 982 711 1031 γᾶ
731 978 866 1019 Viteb.
887 983 981 1031 γαῖα
1000 978 1155 1035 aliquot
1174 979 1293 1020 codd.
1315 988 1356 1020 et
1375 980 1475 1021 Ald.
1498 980 1606 1021 Rob.

414 1044 554 1100 αἰάζει]
577 1044 701 1095 αἶάξει
722 1045 823 1086 Ald.
846 1045 955 1086 Rob.

413 1124 506 1166 923.
532 1111 676 1166 Ξέρξᾳ]
702 1111 834 1166 Ξέρσᾳ
855 1111 957 1153 Ald.
980 1113 1089 1154 Rob.

413 1191 507 1231 924.
529 1178 703 1232 σάκτορι]
725 1179 776 1233 τῷ
796 1182 976 1231 πληρωτῇ
997 1182 1065 1220 τοῦ
1077 1179 1213 1221 ’Ἀιὸου
1233 1195 1325 1235 exp.
1349 1179 1572 1222 scholiasta,

414 1247 576 1296 Περσᾶν
606 1259 699 1285 cum
731 1245 837 1295 ἥβαν
867 1260 951 1286 esse
985 1245 1316 1302 conjungendum
1348 1256 1457 1287 recte
1488 1247 1644 1287 monuit
1678 1246 1791 1287 scho-

356 1311 487 1352 liasta.
521 1315 690 1364 Περσῶν
710 1310 867 1366 aliquot
887 1311 1005 1352 codd.

413 1377 633 1431 ἀγδαβάται
654 1377 840 1418 Turnebi
865 1378 1058 1419 correctio
1083 1388 1154 1418 est.
1186 1387 1226 1419 et
1254 1378 1310 1419 sic
1331 1379 1470 1420 Guelf.
1495 1380 1689 1421 Cantabr.
1709 1380 1791 1435 pri-

358 1459 461 1485 mus.
494 1443 714 1498 ἀδαγβάται
735 1445 901 1484 Barocc.
918 1444 1020 1486 Ald.
1041 1444 1233 1495 ἆὸαβάται
1253 1446 1360 1486 Rob.
1383 1446 1572 1498 ἆδαμάται
1593 1447 1646 1487 G.
1668 1446 1788 1498 ἐφθά-

356 1527 468 1562 ραται
494 1509 666 1564 conjecit
687 1510 740 1551 Gr.
765 1511 930 1552 Canter.
951 1512 1058 1551 Nov.
1082 1511 1198 1552 Lect.
1223 1512 1262 1562 8,
1283 1525 1317 1552 1.
1339 1511 1499 1568 virgula
1524 1522 1616 1569 post
1642 1514 1791 1565 ἀνδρῶν

356 1577 503 1618 deleta.
533 1576 764 1630 Ἀγβάτανα
792 1577 917 1617 latere
944 1577 1134 1633 opinatus
1163 1586 1222 1618 est
1243 1578 1489 1635 Wesseling.
1512 1579 1564 1620 ad
1588 1579 1790 1620 Herodot.

362 1659 398 1694 Ι,
419 1656 489 1696 42.
512 1643 621 1684 unde
639 1642 900 1696 Ἀγβατάνων
920 1643 1034 1684 dedit
1053 1643 1236 1685 Brunck.
1269 1645 1480 1696 ἱπποβάται
1501 1646 1656 1687 Heath.
1701 1646 1789 1686 No-

359 1726 449 1751 men
482 1710 695 1767 proprium
725 1710 975 1763 Ἀγὸαβάτας
1005 1711 1112 1752 infra
1140 1711 1315 1752 occurrit
1344 1727 1382 1752 v.
1415 1723 1510 1766 959.
1571 1712 1792 1753 Scholiasta

358 1777 492 1833 inquit
520 1786 681 1832 gentem
714 1777 916 1818 Persicam
948 1778 1086 1828 fuisse,
1119 1786 1165 1818 ut
1194 1777 1260 1818 vix
1295 1777 1478 1819 dubitem
1513 1793 1604 1819 eum
1639 1778 1682 1819 in
1717 1794 1792 1820 suo

358 1845 588 1899 exemplare
622 1843 814 1898 reperisse
851 1844 1048 1891 ἀθάνατοι,
1080 1844 1352 1892 Ῑτηφηονίαῖεε,
1382 1846 1599 1886 Persarum
1630 1844 1790 1894 delecti,

357 1910 430 1966 qui
450 1910 616 1966 proprio
635 1910 812 1965 quodam
838 1910 935 1965 jure
959 1912 1088 1964 χώρας
1113 1912 1230 1954 ἄνθος
1257 1912 1478 1953 audiebant
1497 1922 1538 1953 et
1556 1921 1671 1953 erant
1689 1927 1792 1968 prae-

360 1988 468 2018 terea
486 1978 622 2029 μυριὰς
646 1978 808 2028 ἀνδρῶν.
833 1977 1036 2018 Herodot.
1059 1988 1097 2031 7,
1122 1978 1187 2032 83.
1208 1983 1283 2020 τῶν
1304 1981 1346 2019 δὲ
1364 1980 1507 2030 μυρίων
1526 1980 1671 2020 τούτων
1690 1983 1790 2031 Περ·

360 2045 463 2085 σέων
482 2047 558 2084 τῶν
591 2043 920 2096 ἀπολελεγμένων
945 2046 1178 2097 ἐστρατήγεε
1206 2047 1279 2096 μὲν
1306 2044 1495 2098 Ὑδάρνης
1524 2047 1544 2086 ὁ
1573 2045 1791 2098 Ὑδάρνεος.

361 2109 569 2150 ἐκαλέοντο
590 2110 631 2149 δὲ
650 2108 859 2150 Ἀθάνατοι
879 2112 916 2150 οἱ
937 2109 1091 2162 Πέρσαι
1111 2111 1227 2151 οὗτοι.
1290 2112 1355 2151 De
1375 2111 1450 2152 hac
1469 2111 1686 2152 immortali
1705 2126 1793 2167 my-

358 2174 470 2215 riade
499 2173 683 2215 consulas
711 2174 890 2230 interpp.
922 2175 975 2216 ad
1005 2175 1189 2230 Hesych.
1220 2176 1260 2216 in
1285 2192 1322 2216 v.
1353 2176 1572 2218 Ἀθάνατοι.
1634 2179 1685 2217 In
1716 2178 1793 2219 hoc

360 2242 449 2282 loco
477 2241 663 2282 librarius
692 2241 858 2296 quidam
894 2242 1094 2292 indoctus,
1130 2243 1202 2298 qui
1232 2242 1337 2283 hanc
1366 2243 1677 2299 appellationem
1711 2259 1791 2285 non

361 2307 573 2357 intellexit,
595 2308 636 2347 in
665 2307 796 2348 locum
825 2307 914 2363 ejus
938 2308 1161 2358 substituit,
1185 2316 1231 2349 ut
1257 2309 1414 2364 opinor,
1436 2309 1634 2361 ἆδάματοι.
1667 2325 1790 2365 quam

362 2375 584 2424 lectionem,
605 2373 766 2414 literula
785 2383 953 2422 mutata,
974 2389 1081 2415 unus
1100 2375 1228 2415 codex
1248 2375 1468 2416 etiamnum
1495 2385 1638 2417 servat.
1698 2378 1793 2418 Hoc

363 2441 403 2481 in
437 2440 630 2491 ἀδαβάται
663 2440 852 2481 facillime
886 2440 1098 2481 transierit.
1141 2443 1367 2482 BLOMF.
1407 2441 1595 2496 ᾁδοβάται
1625 2443 1795 2498 conjecit

365 2507 583 2547 Passovius
603 2506 749 2548 collato
770 2506 977 2560 ᾀδοφοίτης
994 2508 1297 2565 ap..Aristoph.
1318 2509 1465 2564 fragm.
1483 2509 1574 2562 198.
1597 2518 1638 2549 et
1658 2511 1793 2561 ἐρεβο-

364 2578 492 2626 φοῖτις
510 2589 577 2629 ap.
602 2573 726 2614 schol.
748 2575 873 2614 Hom.
897 2573 945 2613 Il.
966 2578 1015 2624 T,
1038 2574 1107 2626 87.
1167 2576 1233 2616 De
1253 2575 1465 2617 scholiasta
1483 2575 1638 2616 fallitur
1659 2577 1795 2616 Blom-

364 2641 519 2682 fieldus.
581 2640 695 2681 Nihil
724 2640 791 2681 ille
820 2639 931 2681 aliud
961 2641 1060 2696 legit
1086 2657 1209 2696 quam
1237 2641 1493 2694 Ἀγδαβάται,
1513 2657 1586 2683 nec
1606 2642 1637 2682 si
1661 2644 1796 2694 μυριὰς

365 2711 513 2762 ἀνδρῶν
546 2709 597 2750 de
635 2708 852 2749 immortali
891 2708 958 2749 illa
997 2708 1178 2763 myriade
1216 2708 1525 2764 intelligendum
1559 2709 1623 2760 sit,
1658 2724 1707 2749 ex
1748 2724 1796 2749 eo

365 2775 549 2830 sequitur
567 2774 700 2829 ipsum
724 2773 927 2815 ἀθανάτων
947 2788 1090 2814 nomen
1112 2773 1367 2815 inferendum
1388 2788 1485 2814 essc-

422 2842 517 2895 926.
541 2840 696 2894 φύστις]
722 2840 836 2891 φύσις
858 2840 906 2880 C.
930 2841 1063 2880 Turn.
1092 2840 1228 2881 Schol.
1261 2841 1399 2892 φύστις
1427 2841 1451 2890 ἡ
1479 2838 1702 2892 πεφυρμένη
1734 2839 1796 2880 καὶ
