1898 3256
308 221 392 262 182
781 223 1275 265 ANNOTATIONES

307 330 440 385 gratia
472 345 502 371 s.
532 330 708 372 amicitia
742 331 912 374 deorum
944 342 1020 384 est,
1057 343 1104 375 ut
1143 332 1470 388 Hippomedonti
1510 331 1743 388 Typhoeus,

309 398 340 437 J
344 396 508 452 uppiter
538 397 756 453 Hyperbio
790 399 926 440 favere
956 399 1155 441 videatur.
1215 398 1469 440 Vocabulum
1505 400 1747 451 προσφίλεια

310 463 475 504 aliunde
495 478 576 504 non
596 464 820 520 cognitum.

363 550 461 594 517.
480 541 576 594 518.
602 541 944 595 εῑ-ἆντιστάτας]
969 543 1120 584 Versus
1139 542 1267 598 vulgo
1285 541 1446 583 inverso
1465 540 1608 582 ordine
1626 541 1742 583 lecti:

308 615 420 647 recto
444 606 586 647 ordine
615 606 810 648 exhibent
830 609 938 649 Α.Β.
999 607 1099 650 Alio
1126 608 1247 649 modo
1267 623 1308 649 v,
1329 617 1568 663 517-520.
1589 608 1745 664 trajecti

308 672 350 713 in
374 673 440 713 M.
466 672 675 728 leguntur,
696 683 792 726 517.
812 687 909 728 519.
931 674 1026 728 518.
1047 684 1158 729 520:
1203 674 1273 715 sed
1302 674 1431 715 literae
1458 679 1501 726 β.
1524 692 1562 728 γ.
1585 692 1621 716 α.
1643 679 1676 716 δ.
1702 674 1744 715 in

307 738 432 780 initiis
443 754 634 780 versuum
655 739 798 794 positae
819 739 874 781 sic
893 755 978 781 esse
998 741 1319 797 transponendos
1339 741 1519 783 indicant
1532 742 1629 796 518.
1645 751 1743 796 517.

309 815 407 859 519.
428 817 526 859 520.

363 893 459 936 517.
493 899 540 935 γε
571 883 634 922 Μ.
666 882 815 937 aliique
849 883 1034 924 nonnulli
1063 899 1156 925 cum
1188 886 1323 927 Turn.
1353 902 1396 927 τε
1424 884 1491 927 alii
1517 899 1611 926 cum
1639 885 1742 925 Ald.

309 948 417 989 Rob.
442 948 587 1004 Steph.

365 1025 663 1098 καρτερώτερος]
686 1027 970 1079 καρτερώτατος
990 1029 1045 1069 Ε.
1067 1037 1108 1069 et
1128 1027 1227 1068 Ald.

363 1110 458 1163 518.
482 1109 542 1163 δὲ]
566 1087 614 1163 ξὲ
635 1110 700 1150 Μ.

363 1182 541 1235 πράξειν]
565 1181 704 1234 πράξιν
724 1182 823 1223 Ald.
855 1167 996 1235 πρᾶξῖῧ
1017 1183 1081 1230 Μ,
1103 1199 1161 1224 ειν
1180 1182 1233 1223 ab
1253 1182 1330 1223 alia
1350 1197 1404 1223 m.
1425 1182 1586 1238 scripto.

364 1258 613 1316 ἀντιστάτας]
645 1260 854 1313 ἀντηρέτας
882 1260 1039 1316 aliquot
1067 1259 1184 1301 codd.
1215 1274 1266 1300 ex
1293 1275 1331 1300 v.
1356 1259 1449 1314 283.
1478 1259 1539 1300 vel
1567 1269 1664 1314 595.
1696 1269 1743 1300 ut

308 1325 485 1366 videtur.

362 1402 460 1445 519.
480 1392 543 1448 τε]
565 1409 612 1445 γε
633 1391 743 1432 Rob.
766 1392 907 1448 Steph.

362 1475 459 1517 520.
481 1463 621 1516 γένοιτ’
644 1463 711 1517 ἂν]
735 1463 888 1516 ’γένοιτο
908 1463 1065 1519 aliquot
1084 1464 1203 1505 codd.

365 1529 443 1584 ἐπ’]
467 1528 529 1570 ὑπ’
553 1530 663 1571 Rob.

362 1606 462 1650 521.
483 1595 670 1650 πέποιθα]
696 1597 741 1648 δὴ
762 1596 878 1638 addit
898 1597 1010 1638 Rob.

363 1663 588 1716 ἀντίτυπον]
611 1663 925 1705 Adversariu‘m.
984 1665 1101 1705 Usus
1129 1663 1369 1719 singularis:
1406 1665 1570 1720 proprie
1598 1671 1742 1707 contra

287 1729 472 1784 firiens,
493 1738 541 1770 ut
563 1729 752 1784 Sophocl.
774 1729 918 1785 Antig.
940 1743 1031 1784 134.
1060 1729 1269 1785 Ἀντιτύπᾳ
1295 1729 1326 1771 δ’
1349 1732 1412 1771 ἐπὶ
1438 1733 1490 1785 γᾷ
1518 1730 1619 1772 πέσε
1647 1748 1739 1773 ταν-

302 1797 504 1839 ταλωθείς.
538 1795 599 1836 vel
627 1810 908 1852 repercussus,
936 1806 981 1838 ut
1005 1796 1180 1838 Philoct.
1201 1798 1296 1851 693.
1316 1798 1434 1849 1460.
1466 1799 1610 1839 στόνον
1638 1799 1750 1839 ἀντί-Υ

305 1879 437 1903 τυπον.
495 1862 568 1903 Ad
591 1877 752 1904 sensum
774 1863 900 1919 hujus
919 1863 995 1904 loci
1017 1865 1231 1904 Onomast.
1254 1865 1346 1904 Vet.
1367 1863 1607 1908 Ἀντίτυπος.
1655 1866 1740 1906 Re-

285 1929 546 1983 sractarz'us.
589 1929 656 1970 Cf.
687 1929 916 1971 Ruhnken.
948 1930 1000 1970 ad
1031 1929 1239 1970 Timaeum
1269 1945 1311 1986 p.
1339 1942 1430 1985 157.
1463 1931 1658 1973 Larcher.
1687 1931 1739 1973 ad

307 1995 511 2036 Herodot.
531 1995 609 2036 vol.
631 2010 667 2037 1.
689 2011 729 2051 p.
749 2009 816 2051 53.
849 1997 1076 2037 BLOMF.

361 2071 460 2115 523.
483 2063 583 2102 Post
601 2064 782 2114 δαίμονος
796 2062 946 2103 excidit
959 2077 1129 2103 comma.
1161 2065 1343 2114 δαίμονος
1354 2071 1490 2103 autem
1507 2063 1742 2105 Brunckius

305 2142 382 2182 pro
411 2127 581 2182 vulgato
619 2130 798 2179 δαίμοσιν
834 2128 1009 2169 restituit
1046 2144 1097 2169 ex
1136 2128 1465 2184 interpretatione
1504 2130 1739 2182 scholiastae,

305 2195 473 2234 πιστεύω
507 2195 741 2236 ἀπολεῖσθαι
775 2195 845 2236 τὸν
879 2195 1021 2248 ἔχοντα
1055 2196 1099 2236 ἐν
1131 2197 1183 2250 τῷ
1217 2195 1330 2236 σάκει
1362 2195 1432 2237 τὸν
1466 2197 1609 2249 ἐχθρὸν
1643 2198 1741 2241 Διὸς

304 2260 483 2310 δαίμονα.

359 2328 519 2377 βροτοῖς
537 2342 580 2367 τε
600 2327 662 2367 καὶ
681 2326 929 2368 Brunckius.
959 2328 1140 2380 βροτοῖσί
1164 2343 1207 2367 τε
1231 2327 1293 2367 καὶ
1316 2325 1473 2367 codices
1495 2326 1679 2383 plerique
1698 2337 1739 2369 et

305 2390 408 2432 Ald.
440 2393 575 2433 Turn.
607 2395 791 2445 βροτοῖσί
820 2411 867 2447 γε
898 2394 960 2435 καὶ
990 2393 1167 2434 Vindob.
1203 2392 1299 2433 duo.
1329 2397 1486 2445 βροτοῖς
1514 2410 1563 2447 γε
1596 2394 1658 2435 καὶ
1689 2395 1738 2435 C.

303 2462 484 2510 βροτοῖσι
504 2460 567 2500 καὶ
587 2460 698 2500 Rob.

358 2526 456 2579 526.
478 2527 613 2579 οὕτως]
638 2527 735 2567 οὕτω
755 2527 912 2582 aliquot
931 2526 1052 2568 codd.
1073 2535 1112 2567 et
1134 2526 1242 2567 Rob.

357 2601 456 2646 527.
483 2592 797 2647 προσταχθέντα]
817 2593 1090 2646 προσταγέντα
1110 2593 1219 2634 Rob.
1249 2593 1519 2645 προσταθέντα
1540 2593 1677 2634 Viteb.

359 2660 565 2711 Βορραίαις
602 2660 760 2710 πύλαις]
801 2660 934 2715 Apud
974 2660 1220 2716 Euripidem
1260 2660 1464 2700 Phoeniss.
1503 2673 1516 2699 1
1531 2670 1607 2713 115
1649 2675 1738 2715 sqq.

305 2724 630 2780 Parthenopaeus
650 2727 801 2766 Nei’ten
821 2734 979 2781 portam
996 2735 1221 2782 oppugnat.
1245 2727 1375 2767 SCH.
1409 2728 1614 2778 Βορραίαις
1634 2727 1736 2766 Por-

304 2807 438 2833 sonus.
467 2792 650 2845 βορρέαις
665 2793 846 2834 Α.Β.Μ.
867 2792 1017 2848 aliique
1037 2801 1078 2834 et
1098 2792 1207 2834 Rob.
1237 2792 1325 2833 Alii
1344 2792 1504 2845 βορέαις
1521 2807 1614 2833 cum
1635 2792 1736 2834 Ald.

302 2859 478 2911 βορρίαις
506 2860 559 2899 Ν.
591 2859 774 2911 βορέαισι
800 2860 935 2901 Turn.
968 2859 1175 2912 βορέαισιν
1204 2859 1344 2915 Steph.
1379 2860 1568 2911 βορραίας
1595 2867 1731 2900 autem
