1898 3256
321 215 376 254 22
789 214 1282 255 ANNOTATIONES

378 327 404 347 “
426 322 718 364 Prometheum
742 323 847 364 inter
870 325 980 363 Deos
1009 331 1187 364 recenset
1209 321 1440 369 Catullusk,
1460 321 1556 362 item
1590 321 1749 377 Sopho-

320 389 399 431 cles
421 390 568 446 OEdip.
592 389 699 431 Col.l

599 461 733 510 Χῶρος
751 460 823 508 μὲν
845 458 945 509 ἱερὸς
964 460 1036 499 πᾶς
1056 456 1109 497 ὁδ’
1133 455 1224 497 ἐστ’·
1257 456 1340 509 ἔχει
1360 455 1403 496 δέ
1424 472 1484 496 νιν

488 523 636 574 Σεμνὸς
656 527 870 564 Ποσειδῶν·
904 525 946 563 ἐν
967 522 997 563 δ’
1020 525 1040 562 ὁ
1060 523 1256 575 πυρφόρος
1275 522 1364 564 θεὸς

487 591 607 629 Τιτᾶυ
627 593 667 629 Π
667 590 922 641 ρομηθεύς·-

321 655 407 696 Ubi
431 654 671 696 Scholiastes
691 656 734 695 τὸ
760 657 957 707 πυρφόρος
983 655 1070 697 θεὸς
1098 654 1149 694 de
1171 655 1355 695 Vulcano
1383 668 1595 709 perperam
1626 653 1749 694 inter-

319 729 516 776 pretatur,
553 736 646 776 quae
682 736 776 762 vero
815 721 954 762 subdit
992 736 1042 761 ex
1080 720 1378 776 Apollodorom
1413 720 1541 775 magis
1579 719 1631 760 ad
1666 734 1748 759 rem

319 795 496 828 nostram
505 804 517 838 3
549 787 839 828 Prometheum
859 787 899 827 in
922 787 1147 828 Academia
1172 786 1245 827 coli
1275 801 1357 827 una
1383 801 1475 827 cum
1498 786 1689 827 Minerva
1709 793 1750 826 et

321 854 540 894 Vulcano.''
561 855 777 894 STANL.

376 921 530 960 Causas
567 920 718 960 irarum
759 920 877 960 Jovis
910 919 950 959 in
988 919 1278 960 Prometheum
1315 918 1523 959 Hesiodus
1560 918 1669 959 hunc
1708 919 1748 958 in

319 985 486 1026 modum
521 986 745 1026 contexuit.
807 987 899 1035 Quo
933 995 1114 1041 tempore
1150 985 1221 1026 Dii
1256 996 1296 1026 et
1330 985 1512 1026 homines
1543 987 1748 1034 Meconae,

318 1067 413 1108 quae
432 1062 573 1108 postea
594 1052 741 1107 Sicyon
762 1052 965 1108 appellata
984 1062 1057 1100 est,
1078 1052 1182 1093 inter
1203 1067 1244 1092 se
1267 1051 1561 1107 disceptabant,
1583 1053 1746 1092 Prome-

318 1119 436 1160 theus
465 1120 611 1160 Jovem
642 1119 899 1174 decepturus,
930 1119 1075 1160 bovem
1106 1127 1326 1159 mactatum
1359 1118 1413 1158 sic
1442 1117 1594 1166 divisit,
1632 1127 1676 1158 ut
1706 1118 1747 1158 in

317 1185 443 1225 altera
470 1195 585 1240 parte
617 1200 755 1226 carnes
785 1194 824 1225 et
856 1185 1018 1235 viscera,
1049 1194 1189 1225 ventre
1221 1184 1368 1226 bovino
1399 1193 1506 1225 tecta
1540 1199 1621 1225 una
1654 1199 1747 1225 cum

317 1251 438 1307 adipe
457 1252 498 1291 in
518 1252 623 1307 pelle
650 1251 895 1301 reconderet,
917 1252 957 1291 in
988 1251 1114 1292 altera
1134 1266 1231 1292 vero
1259 1252 1374 1292 bovis
1402 1267 1491 1292 ossa
1519 1251 1648 1292 multa
1675 1267 1749 1307 per

317 1318 457 1359 dolum
496 1319 635 1359 arvina
671 1327 853 1359 contecta
891 1329 1073 1373 poneret.
1134 1319 1325 1373 Cumque
1363 1318 1531 1373 Jupiter
1566 1318 1746 1373 iniquam

316 1384 496 1425 carnium
528 1385 783 1440 partitionem
814 1385 1042 1433 miraretur,
1074 1384 1227 1440 quippe
1257 1384 1368 1439 quod
1400 1399 1446 1425 ea
1478 1384 1623 1440 porti0‚
1652 1400 1747 1440 quae

316 1451 473 1493 ossibus
510 1452 733 1501 constabat,
771 1451 898 1492 multo
931 1452 1060 1506 major
1099 1451 1225 1492 altera
1255 1450 1476 1500 videretur,
1512 1450 1677 1491 liberam
1711 1452 1747 1492 ei

317 1518 587 1559 Prometheus
614 1519 819 1574 optionem
850 1518 973 1558 dedit.
1035 1517 1201 1572 Jupiter
1228 1517 1300 1558 etsi
1321 1517 1461 1557 dolum
1483 1517 1646 1558 subesse
1666 1532 1746 1558 non

316 1585 542 1641 ignorabat,
577 1585 770 1640 majorem
811 1595 945 1625 tamen
984 1584 1211 1640 portionem
1247 1585 1319 1625 sibi
1356 1584 1511 1635 sumsit,
1545 1594 1668 1640 atque
1701 1594 1746 1626 ut

315 1652 417 1693 vidit
447 1667 536 1692 ossa
570 1660 729 1692 tantum
764 1667 861 1701 esse,
895 1652 1153 1692 vehementer
1184 1651 1420 1707 indignatus
1449 1661 1522 1692 est.
1582 1652 1648 1692 Ex
1677 1651 1748 1692 illo

314 1718 440 1774 igitur
460 1728 641 1773 tempore
661 1717 741 1758 doli
769 1717 877 1758 illius
899 1732 1064 1766 memor,
1086 1717 1268 1758 victumn
1289 1727 1330 1758 et
1348 1717 1484 1772 ignem
1515 1717 1746 1758 hominibus

314 1785 568 1826 abscondidit
602 1795 642 1826 et
672 1784 887 1826 subtraxit.
949 1783 1218 1825 Prometheus
1247 1793 1383 1824 autem
1413 1783 1547 1838 ignem
1578 1784 1619 1824 in
1649 1799 1746 1824 cava

314 1852 446 1893 ferula
471 1851 682 1908 surripuit,
704 1850 1018 1906 hominibusque
1045 1849 1192 1891 divisit.
1249 1850 1417 1906 Jupiter
1436 1866 1546 1901 vero,
1568 1860 1614 1892 ut
1632 1851 1745 1892 aliud

315 1918 466 1959 malum
496 1918 729 1959 hominibus
758 1917 886 1966 daret,
910 1918 1138 1958 Vulcanum
1163 1917 1286 1972 jussit
1310 1917 1507 1973 virginem
1528 1917 1744 1959 formosam

315 2000 337 2025 e
357 1994 464 2025 terra
482 1994 522 2025 et
541 1999 649 2039 aqua
667 1999 813 2034 creare,
831 1998 954 2038 quam
973 1983 1163 2024 omnibus
1182 1984 1428 2025 ornamentis
1454 1984 1744 2025 circumdatam

318 2051 446 2105 (unde
474 2050 676 2091 Pandorae
706 2050 741 2091 ei
770 2065 917 2090 nomen
947 2050 1046 2103 fuit)
1079 2050 1290 2091 Mercurio
1321 2051 1466 2091 comite
1495 2051 1548 2091 ad
1578 2051 1746 2107 Epime-

315 2117 456 2158 theum
486 2116 605 2157 misit.
666 2116 746 2157 Cui
772 2130 1020 2171 quamquam
1041 2126 1290 2172 praeceperat
1312 2116 1437 2157 frater
1458 2117 1742 2167 Prometheus,

315 2197 365 2224 ne
394 2182 560 2238 quando
590 2197 739 2223 munus
767 2197 791 2223 a
818 2183 925 2222 Jove
953 2181 1166 2238 acciperet,
1188 2182 1257 2223 sed
1286 2183 1399 2238 quod
1428 2182 1532 2224 forte
1561 2184 1743 2225 oblatum

314 2259 430 2300 esset,
452 2249 586 2291 statim
616 2249 852 2298 remitteret,
877 2257 1011 2289 tamen
1040 2248 1074 2289 is
1102 2248 1244 2289 moniti
1272 2249 1483 2290 immemor
1512 2250 1663 2306 recepit
1691 2251 1743 2291 ad

315 2332 356 2358 se
377 2318 621 2364 Pandoram,
644 2330 738 2371 quae
758 2330 852 2357 cum
878 2315 1062 2371 pyxiden
1084 2314 1195 2356 illam
1224 2330 1336 2357 suam
1367 2316 1604 2372 aperuisset,
1624 2331 1743 2357 omne

314 2383 511 2424 malorum
542 2397 672 2438 genus
701 2397 773 2438 per
802 2382 984 2423 homines
1013 2382 1216 2437 dispersit,
1237 2383 1321 2423 sola
1347 2398 1417 2438 spe
1437 2382 1477 2423 in
1496 2383 1661 2424 vasculo
1681 2398 1741 2424 re-

355 2543 376 2573 k
394 2543 494 2583 Nupt.
512 2543 577 2573 Pel.
593 2547 625 2573 et
642 2541 735 2573 Thet.
935 2542 945 2566 l
962 2542 1003 2572 V.
1020 2549 1061 2581 54
1075 2552 1139 2582 sqq.
1326 2550 1355 2567 m
1372 2543 1475 2573 Verba
1490 2543 1661 2574 scholiastae
1676 2543 1743 2575 haec

313 2601 407 2627 sunt:
429 2595 497 2636 περὶ
519 2596 576 2626 τοῦ
596 2595 652 2625 τὸν
668 2593 831 2635 Προμηθέα
851 2594 918 2635 περὶ
937 2594 1125 2633 Ἀκαδημίαν
1139 2595 1190 2626 καὶ
1204 2596 1260 2626 τὸν
1277 2596 1422 2627 Κολωνὸν
1437 2596 1573 2637 ἱδρὺσθαι
1587 2596 1741 2629 Ἀπολλό-

313 2651 404 2689 δωρος
415 2647 527 2689 ’γράφει
539 2648 645 2680 οὕτως·
667 2648 853 2687 Συντιμᾶται
864 2646 897 2678 δὲ
909 2649 959 2678 καὶ
971 2648 1004 2678 ἐν
1018 2647 1187 2689 Ἀκαδημίᾳ
1197 2650 1237 2689 τῇ
1249 2649 1372 2690 Ἀθηνᾷ,
1384 2648 1518 2690 καθάπερ
1529 2651 1546 2680 ὁ
1555 2647 1742 2690 ‘Homeros'

314 2701 364 2732 καὶ
379 2701 466 2731 ἐστὶν
482 2701 563 2740 αὐτῷ
582 2701 714 2732 παλαιὸν
730 2701 840 2742 ἵδρυμα
862 2701 912 2732 καὶ
932 2701 1002 2733 ναὸς
1026 2702 1059 2732 ἐν
1074 2703 1118 2741 τῷ
1137 2694 1259 2740 τεμένει
1279 2703 1336 2740 τῆς
1359 2703 1438 2733 θεοῦ.
1461 2701 1614 2734 δείκνυται
1635 2701 1669 2734 δὲ
1691 2702 1742 2733 καὶ

313 2753 405 2790 βάσις
436 2753 550 2794 ἀρχαία
580 2754 660 2785 κατὰ
691 2754 751 2791 τὴν
784 2755 913 2792 εἴσοδον,
943 2756 977 2785 ἐν
1008 2751 1030 2796 ᾗ
1057 2756 1113 2785 τοῦ
1139 2767 1175 2785 τε
1197 2754 1377 2795 Προμηθέως
1402 2756 1471 2786 ἐστὶ
1491 2754 1586 2787 τύπος
1610 2755 1660 2786 καὶ
1685 2757 1742 2786 τοῦ

312 2806 495 2848 Ἡφαίστου.
517 2808 680 2845 πεποίηται
701 2807 745 2847 δὲ,
764 2809 803 2840 ὡς
822 2808 872 2839 καὶ
888 2807 1098 2849 Λυσιμαχίδης
1121 2809 1228 2849 φησὶν,
1249 2810 1266 2840 ὁ
1284 2808 1342 2847 μὲν
1358 2809 1533 2849 Προμηθεὺς
1552 2809 1669 2847 πρῶτος
1691 2808 1741 2839 καὶ

312 2858 520 2901 πρεσβύτερος
535 2860 568 2891 ἐν
582 2861 664 2900 δεξιᾷ
677 2862 836 2902 σκῆπτρον
851 2860 943 2901 ἔχων,
959 2863 975 2892 ὁ
997 2860 1029 2892 δὲ
1044 2859 1221 2902 ’Ἥφαιστος
1242 2861 1308 2894 νέος
1332 2862 1382 2893 καὶ
1402 2861 1551 2902 δεύτερος.
1574 2861 1624 2892 καὶ
1639 2861 1741 2899 βωμὸς

313 2913 426 2953 ἀμφοῖν
440 2911 539 2944 κοινός
555 2913 641 2943 ἐστιν
657 2913 689 2943 ἐν
703 2914 744 2952 τῇ
759 2912 850 2947 βάσει
866 2912 1146 2952 ἀποτετυπωμένος.
1437 2921 1456 2939 ¹¹
1473 2914 1555 2954 Opp.
1571 2925 1601 2944 v.
1618 2922 1670 2952 41.
1688 2921 1740 2954 47.
