1898 3256
352 249 442 290 AD
475 247 727 290 SEPTEM
761 244 1091 288 ADVERSUS
1125 243 1394 285 THEBAS.
1526 239 1605 281 161

202 357 366 414 τέκνων]
391 358 538 400 τέκνων
558 357 590 400 δ’
612 358 667 399 Ε.

205 427 300 470 292.
330 414 604 468 ὑπερδέδοικεν
624 412 816 455 Bothius.
859 410 1107 465 ὑπερδέδοικε
1128 409 1237 460 libri,
1259 408 1336 450 nisi
1351 407 1464 465 quod
1487 409 1607 460 ὑπερ-

147 479 304 529 δέδοικᾶ
323 488 374 529 C.
394 497 435 529 et
455 488 567 541 ὕπερ,
587 485 737 528 δέδοικε
759 484 956 527 Cantabr.
986 482 1159 540 primus,
1182 482 1295 524 unde
1314 484 1412 536 ὕπερ
1433 481 1608 523 δέδοικεν

147 555 424 597 scribendum.

205 625 381 678 λεχαίων
411 623 706 665 Lachmannus
729 621 782 663 de
809 621 922 663 chor.
946 628 1049 676 syst.
1078 634 1119 675 p.
1142 619 1214 673 67.
1266 618 1510 675 Legebatur
1538 622 1608 659 λε-

149 690 267 745 χέων.

208 759 493 811 δυσευνάτορας
541 755 823 800 Blomfieldus.
879 741 1166 808 δυσευνήτῧραας
1205 754 1272 795 Μ.
1325 752 1611 806 δυσευνήτορας

151 825 296 883 Steph.
318 826 595 879 δυσευνήτειρσι
613 825 775 867 codices
794 823 942 879 reliqui
964 821 1062 876 (nisi
1082 821 1197 878 quod
1224 821 1268 862 in
1288 820 1455 862 duobus
1475 823 1612 862 δυσευ-

151 893 327 948 νάτειρα)
348 904 390 936 et
410 894 512 935 Ald.
534 893 648 935 Rob.
672 894 810 934 Turn.
1027 915 1048 952 ἦ
1209 925 1234 959 φ

209 975 305 1017 294.
325 960 570 1018 πάντροφος]
596 960 850 1013 ἅπάντροφος
863 958 998 1001 Viteb.
1020 961 1047 1000 ἆ
1065 957 1287 1012 πάντρομος
1304 959 1368 1000 Μ.
1386 957 1499 1001 unde
1514 956 1612 999 scri-

151 1029 333 1071 bendum
362 1027 596 1082 πάντρομος,
625 1027 741 1084 quod
771 1026 1028 1084 aptissimum
1060 1025 1273 1083 epitheton
1302 1025 1508 1067 columbae
1536 1034 1612 1066 est.

150 1095 377 1150 πάντροφος
394 1097 586 1154 legerunt
607 1095 857 1138 Eustathius
875 1111 918 1152 p.
944 1097 1070 1146 1602,
1093 1097 1134 1137 6.
1155 1104 1197 1136 et
1216 1094 1289 1151 qui
1308 1093 1614 1151 interpretatio·

151 1179 246 1206 nem
275 1165 457 1222 ineptam
487 1164 704 1222 proposuit
731 1165 891 1206 Tzetza
923 1163 977 1205 ad
1006 1162 1219 1220 Lycophr.
1252 1163 1322 1204 86.
1351 1161 1545 1216 Τρήρωνα
1572 1163 1617 1203 δὲ

152 1232 274 1284 αὐτὴν
304 1233 390 1286 (τὴν
418 1231 610 1287 Ἑλένην)
641 1234 704 1274 διὰ
735 1231 780 1273 τὸ
811 1231 967 1285 λαγνὸν
997 1235 1121 1273 καλεῖ.
1156 1232 1218 1272 καὶ
1246 1233 1323 1285 γὰρ
1349 1231 1374 1283 ἡ
1403 1232 1617 1284 περιστερὰ

150 1299 251 1351 μόνη
270 1303 348 1341 τῶν
367 1303 523 1352 πτηνῶν
542 1299 589 1341 δι’
610 1300 708 1341 ὅλου
730 1299 840 1343 ἔτους
870 1300 1036 1353 ὀχεῖται,
1063 1300 1128 1341 καὶ
1154 1300 1335 1343 νεοττοὺς
1362 1303 1482 1341 ποιεῖ.
1523 1298 1618 1340 ὅθεν

152 1367 356 1421 Αἰσχύλος
374 1369 487 1421 φησί·
517 1366 748 1421 παντρόφου
766 1365 986 1410 πελειάδος.
1020 1366 1249 1421 πάντροφος
1269 1366 1299 1408 si
1323 1374 1435 1408 recte
1464 1366 1617 1422 legere-

152 1443 238 1485 tur,
259 1434 363 1476 nihil
381 1434 495 1477 aliud
516 1434 763 1491 significaret
783 1449 908 1490 quam
929 1434 1164 1477 columbam
1185 1435 1441 1476 nutrimenta
1461 1434 1618 1492 ubique

152 1502 440 1545 invenientem.

213 1571 308 1625 296.
339 1571 551 1626 πανδημεὶ]
585 1571 756 1623 πανδημὶ
777 1570 878 1613 Ald.
901 1572 1012 1614 Rob.
1056 1573 1229 1625 πανδαμὶ
1257 1573 1447 1626 πανομιλὶ
1478 1571 1619 1614 Blom-

153 1639 303 1683 fieldus
323 1650 447 1683 recte.
507 1640 705 1682 Doricam
725 1640 900 1682 formam
923 1639 1017 1681 libri
1039 1651 1254 1681 servarunt
1275 1641 1457 1682 Eumen.
1479 1653 1601 1695 1039.

213 1718 310 1763 297.
335 1710 566 1762 στείχουσιν
587 1709 651 1750 Μ.
673 1707 840 1764 aliique.
871 1708 1076 1761 στείχουσι
1099 1706 1239 1763 vulgo.

213 1775 271 1830 τί]
295 1777 353 1820 τίς
370 1776 483 1817 Α.Β.
504 1775 656 1832 aliique
678 1774 882 1817 nonnulli.

215 1843 311 1898 298.
343 1842 653 1898 ἆμφιβόλοισιν]
692 1843 890 1900 Undique
915 1843 1072 1899 petitis.
1105 1841 1305 1899 Thucyd.
1333 1856 1376 1894 4,
1397 1843 1469 1898 36.
1497 1843 1560 1884 καὶ
1584 1844 1622 1885 οἱ

157 1907 472 1961 Λακεδαιμόνιοι,
491 1908 745 1962 βαλλόμενοί
761 1926 804 1951 τε
825 1908 1106 1963 ἀμφοτέρωθεν
1125 1910 1197 1962 ἤδη
1219 1942 1228 1950 .
1247 1942 1255 1950 .
1275 1940 1284 1949 .
1306 1911 1531 1963 ἀμφίβολοι
1549 1910 1621 1963 ἤδη

158 1979 285 2020 ὄντες.
315 1992 401 2033 quo
420 1976 587 2033 respicit
607 1976 793 2033 Hesych.
815 1976 857 2018 in
879 1992 918 2018 v.
969 1977 1037 2018 Cf.
1058 1992 1102 2030 4,
1123 1988 1192 2032 32.
1214 1987 1256 2019 et
1275 1977 1333 2018 ibi
1354 1977 1517 2020 Duker.
1538 1980 1623 2019 Ar-

158 2042 262 2084 rian.
284 2042 400 2099 apud
422 2041 543 2083 Suid.
565 2042 607 2083 in
629 2058 741 2085 voce.
774 2043 1004 2085 BLOMF.

106 2110 114 2118 “
214 2121 312 2164 300.
332 2108 516 2164 χερμάδ’]
539 2111 703 2164 χερμᾶς,
717 2111 884 2152 Samum
899 2110 1013 2166 quod
1036 2125 1203 2152 manum
1220 2111 1377 2168 implet.
1405 2113 1516 2156 λίθος
1536 2129 1620 2166 χει-

155 2175 370 2229 ροπλήθης.
402 2176 588 2233 Hesych.
610 2177 958 2219 consentientibus
986 2177 1111 2220 schol.
1135 2179 1316 2235 Oppian.
1339 2179 1438 2221 Hal.
1465 2194 1500 2230 1,
1524 2191 1619 2234 712.

158 2244 282 2285 Eust.
302 2243 357 2285 ad
383 2244 435 2285 Il.
452 2247 506 2286 Θ.
528 2259 570 2300 p.
594 2257 692 2298 714,
712 2258 782 2300 39.
828 2245 979 2286 Paullo
998 2246 1204 2288 diversum
1227 2257 1289 2289 est
1308 2247 1440 2302 χεράς.
1484 2247 1620 2289 Schol.

157 2309 358 2367 Apollon.
380 2310 523 2352 Rhod.
550 2324 586 2362 Ι,
615 2324 733 2367 1123.
767 2310 908 2365 Χερὰς,
929 2314 953 2365 ἡ
974 2317 1051 2355 τῶν
1076 2313 1265 2368 βραχέων
1282 2315 1407 2356 λίθων
1426 2314 1620 2368 συλλογὴ,

157 2382 235 2420 τῶν
266 2378 349 2420 καθ’
381 2379 453 2420 ἕνα
485 2380 589 2433 χειρὶ
624 2383 825 2432 ληφθῆναι
859 2381 1099 2433 δυναμένων,
1135 2382 1202 2425 οὓς
1223 2381 1401 2435 “Optimos
1430 2381 1624 2436 χερμάδιά

158 2451 259 2498 φησι
282 2479 291 2487 .
311 2477 321 2487 .
339 2477 348 2486 .
371 2447 434 2487 καὶ
458 2447 627 2500 Σαπφὼ,
648 2447 700 2498 μὴ
732 2446 824 2499 κένη
855 2447 1039 2502 χεράδας.
1092 2448 1386 2504 Etymologus,
1406 2449 1494 2491 haec
1514 2464 1624 2491 com-

158 2511 292 2568 pilans
311 2528 353 2569 p.
376 2513 474 2564 808,
494 2525 563 2568 35.
585 2523 693 2555 recte
721 2514 847 2556 habet
867 2515 920 2567 μὴ
941 2517 1039 2556 κίνει
1059 2515 1241 2569 χεράδας.
1289 2515 1428 2557 Schol.
1450 2516 1621 2559 Pindar.

160 2579 290 2636 Pyth.
311 2581 354 2631 6,
376 2594 441 2621 10.
470 2580 589 2634 χερὸς
622 2582 680 2631 δὲ,
712 2582 734 2622 ὁ
763 2583 863 2632 μετὰ
899 2582 1008 2626 ἰλύος
1039 2583 1102 2624 καὶ
1131 2583 1256 2624 λίθων
1286 2581 1494 2636 συρφετός.
1555 2584 1625 2626 Ita

158 2647 283 2688 etiam
303 2647 430 2689 schol.
456 2649 598 2689 Venet.
620 2647 662 2688 in
695 2647 818 2689 Iliad.
840 2653 893 2700 Φ,
914 2662 1012 2704 319.
1061 2651 1160 2691 Jam
1190 2666 1288 2691 vero
1307 2650 1360 2691 de
1389 2665 1448 2701 re,
1470 2651 1623 2708 Eurip.

161 2714 313 2757 Bacch.
351 2728 472 2771 1094.
499 2714 698 2770 χερμάδας
729 2715 1015 2768 κραταιβόλους
1040 2716 1271 2770 Ἐρριπτον.
1320 2719 1361 2758 Τ
1363 2727 1522 2773 yrtaeus
1556 2734 1625 2776 ap.

162 2782 278 2824 Stob.
308 2795 378 2837 50.
411 2797 454 2838 p.
484 2795 580 2836 191.
615 2781 750 2834 ’Ὑμεῖς
777 2782 823 2831 δ’,
860 2782 892 2824 ὦ
928 2786 1132 2836 γυμνῆτες,
1167 2783 1230 2825 ὑπ’
1262 2785 1427 2828 ἀσπίδος
1449 2786 1626 2829 ἄλλοθεν

161 2851 286 2893 ἄλλος
306 2850 584 2897 Πτώσσοντες,
607 2848 796 2903 μεγάλοις
816 2850 1023 2903 σφάλλετε
1043 2852 1282 2905 χερμαδίοις.
1338 2852 1494 2894 Melius
1514 2853 1626 2896 vide-

162 2926 232 2959 tur
259 2915 455 2969 βάλλετε,
486 2915 548 2957 uti
578 2916 678 2958 citat
699 2917 892 2959 Wassius
921 2918 975 2959 ad
997 2918 1196 2975 Thucyd.
1218 2920 1260 2969 6,
1280 2921 1347 2974 69.
1377 2920 1499 2977 cujus
1528 2931 1626 2964 nota

164 2983 333 3026 omnino
351 2983 543 3026 adeunda
563 2993 637 3025 est.
670 2983 879 3026 Leonidas
900 2985 1117 3027 Tarentin.
1142 2986 1325 3028 Brunck.
1342 2988 1470 3031 Anal.
1486 2989 1567 3031 vol.
1586 3002 1623 3030 1.

878 3066 910 3092 x
