1898 3256
355 213 439 254 154
824 211 1318 253 ANNOTATIONES

351 338 427 379 pro
446 323 515 364 οὐκ
535 324 576 366 ἐς
595 322 744 376 φθόρον
774 323 812 364 εἶ
838 324 900 364 καὶ
920 322 1055 376 σιγῶσ’
1080 321 1298 375 ἀνασχήσει
1325 320 1440 367 τάδε;
1475 319 1623 360 Similis
1650 318 1780 359 incre-

351 389 463 445 patio
491 404 556 445 ap.
592 389 715 445 Soph.
744 389 845 430 (Ed.
877 390 933 430 T.
965 390 1084 440 1146.
1112 388 1180 428 οὐκ
1208 389 1263 430 εἷς
1289 388 1477 438 ὄλεθρον;
1509 386 1554 426 οὐ
1583 386 1784 437 σιωπήσας

353 456 463 504 ἕσας

411 531 506 576 254.
540 522 635 573 κάμὲ
666 522 726 562 καὶ
761 523 807 561 σὲ
843 521 903 561 καὶ
936 519 1071 575 πόλιν]
1111 519 1285 574 Triplex
1318 519 1465 559 horum
1497 518 1711 558 verborum
1743 518 1784 558 in

352 588 561 630 codicibus
590 587 791 643 scriptura
824 597 897 636 est,
931 586 1061 642 prima
1090 601 1211 641 quam
1243 586 1482 626 exhibemus
1511 600 1562 625 ex
1591 594 1787 640 quattuor

354 653 576 702 codicibus,
598 653 776 694 secunda
796 655 890 704 κάμὲ
913 653 974 693 καὶ
992 656 1126 693 πᾶσαν
1145 651 1277 700 πόλιν,
1299 666 1421 706 quam
1450 652 1514 691 M.
1536 666 1627 691 cum
1657 651 1787 692 tribus

353 721 441 762 aliis
468 720 641 776 praebet,
662 729 702 759 et
722 719 793 774 qui
818 721 883 760 καί
898 736 947 770 με
973 718 1219 773 scripserunt
1241 719 1376 758 Turn.
1403 718 1561 773 Steph„
1584 718 1700 758 tertia
1720 719 1787 770 ἐμὲ

356 787 418 828 καὶ
455 790 589 827 πᾶσαν
620 787 737 826 πόλιν
769 801 818 826 ex
857 784 997 840 paucis
1030 784 1193 839 cognita
1229 784 1435 825 codicibus
1468 794 1509 824 et
1543 784 1644 824 Ald.
1677 784 1786 825 Rob.

357 854 494 904 ιικάμὲ
524 854 586 893 καὶ
616 853 663 892 σὲ
700 852 761 892 καὶ
789 853 907 892 πόλιν
935 851 1082 906 probat
1112 852 1334 900 Porsunus,
1365 850 1436 905 qui
1469 850 1566 890 citat
1597 850 1786 905 Sophocl.

355 919 459 960 OEd.
484 920 541 959 T.
573 920 638 969 64.
672 919 695 968 ἡ
728 916 758 958 δ’
783 917 853 969 ἐμὴ
884 917 994 970 Ψυχὴ
1025 918 1143 957 πόλιν
1176 933 1218 957 τε
1247 918 1340 967 κάμὲ
1367 917 1429 957 καὶ
1459 916 1494 956 σ’
1523 918 1618 967 ὁμοῦ
1646 916 1787 956 στένει.

355 985 505 1041 Eurip.
519 984 720 1025 Phoeniss.
733 994 829 1037 447.
851 986 1010 1024 Παῦσαι
1029 984 1160 1023 πόνων
1178 1000 1239 1032 με,
1262 983 1324 1023 καὶ
1344 984 1404 1030 σὲ,
1427 983 1488 1023 καὶ
1507 986 1639 1023 πᾶσαν
1658 984 1788 1024 πόλιν.

357 1050 525 1106 Adjicio
557 1049 739 1105 ejusdem
777 1047 920 1103 OEdip.
956 1047 1067 1102 apud
1105 1047 1219 1088 Stob.
1250 1047 1341 1089 Ecl.
1374 1063 1416 1103 p.
1450 1060 1550 1089 22:
1565 1062 1655 1103 149.
1686 1050 1790 1099 Αὕτη

357 1117 494 1170 τρέφει
519 1118 579 1166 σὲ,
609 1117 717 1167 κάμὲ,
750 1116 812 1155 καὶ
840 1115 988 1156 πάντας
1016 1115 1195 1165 βροτούς.
1254 1115 1391 1164 Quare
1418 1114 1550 1155 nescio
1573 1129 1624 1154 an
1651 1114 1791 1155 melior

357 1183 478 1224 lectio
505 1183 568 1233 sit,
600 1182 704 1232 Αὐτὴ
735 1183 782 1222 σὲ
812 1184 964 1222 δουλοῖς
999 1181 1093 1230 κάμὲ
1130 1180 1191 1220 καὶ
1214 1183 1346 1220 πᾶσαν
1374 1181 1533 1221 πόλιν.”
1563 1181 1790 1222 BLOMF.

358 1248 617 1291 Probabilior
634 1246 936 1288 Wunderlichii
956 1246 1190 1300 conjectura
1214 1256 1274 1287 est
1303 1262 1345 1302 p.
1365 1260 1434 1301 31.
1457 1247 1549 1298 αὐτὴ
1569 1248 1618 1288 σὺ
1639 1251 1792 1291 δουλοῖς

360 1317 422 1358 καὶ
441 1317 489 1356 σὲ
509 1315 572 1356 καὶ
591 1318 724 1355 πᾶσαν
744 1315 874 1354 πόλιν.
903 1328 997 1368 quae
1027 1312 1125 1352 mihi
1156 1328 1265 1353 nunc
1296 1328 1388 1353 vera
1411 1313 1584 1356 videtur.
1644 1316 1792 1370 Neque

359 1383 466 1423 enim
490 1380 665 1422 Eteoclis
684 1394 867 1436 personae
888 1379 1075 1420 convenit
1094 1379 1194 1420 illud
1216 1383 1369 1422 δουλοῖς
1389 1380 1498 1431 κάμέ.

419 1459 511 1503 255.
535 1449 629 1502 Ζεῦ]
655 1447 750 1490 Ζεὺς
771 1446 871 1488 Ald.
894 1447 1030 1486 Turn.

419 1525 513 1569 257.
544 1515 685 1567 ἄνδρας
706 1515 770 1555 Μ.
791 1514 940 1568 aliique
964 1523 1004 1554 et
1025 1513 1134 1554 Rob.
1178 1514 1313 1566 ἄνδρες
1333 1514 1440 1554 Α.Β.
1463 1525 1503 1555 et
1524 1529 1592 1555 sex
1612 1514 1678 1555 alii
1699 1530 1793 1556 cum

362 1580 463 1622 Ald.
489 1582 624 1621 Turn.

421 1648 514 1702 258.
545 1648 838 1701 παλινστομεῖς]
866 1647 1102 1703 Ogganm‘s.
1154 1647 1202 1686 V.
1226 1647 1394 1686 Porson.
1416 1646 1468 1687 ad
1490 1647 1639 1702 Eurip.
1662 1649 1795 1688 Orest.

367 1727 486 1768 1259.
509 1713 702 1754 Valcken.
719 1713 771 1753 ad
792 1713 939 1754 Phoen.
959 1715 1079 1768 1346.
1113 1713 1340 1753 BLOMF.
1383 1712 1503 1754 πάλιν
1523 1718 1680 1764 στομεΐς
1695 1713 1795 1753 Ald.

422 1783 516 1822 260.
550 1782 697 1831 κοῦφον
725 1779 994 1819 commatibus
1021 1778 1183 1819 inclusit
1217 1779 1357 1834 Steph.
1384 1779 1635 1820 scholiastam
1663 1794 1797 1820 recen-

364 1847 506 1888 tiorem
538 1856 714 1893 secutus,
736 1844 808 1900 qui
829 1844 932 1885 duas
960 1844 1172 1900 proposuit
1193 1844 1495 1899 explicationes,
1521 1846 1685 1886 alteram
1706 1845 1795 1885 vul-

364 1922 472 1968 gatae
497 1911 813 1967 interpunctioni
843 1911 1199 1960 accommodatam,
1229 1910 1394 1951 alteram
1425 1911 1543 1960 hanc,
1573 1911 1596 1962 ἢ
1626 1913 1735 1958 οὕτω,
1765 1913 1799 1952 εἰ

366 1977 576 2032 αἰτουμένῳ
616 1977 699 2028 ἐμοὶ
737 1979 840 2028 δοίης
877 1976 991 2020 τέλος
1029 1980 1094 2028 τῆς
1132 1976 1330 2028 αἰτήσεως,
1372 1980 1518 2029 κοῦφον
1557 1978 1618 2019 καὶ
1654 1979 1800 2030 ἀβαρὲς

367 2045 478 2086 ἔσται
497 2061 574 2085 σοι.

424 2112 459 2151 εἰ
479 2111 600 2165 δοίης]
629 2110 798 2150 Utinam
828 2109 908 2149 des,
961 2108 1026 2149 Sic
1058 2111 1183 2164 Soph.
1206 2110 1308 2150 OEd.
1332 2111 1386 2150 T.
1411 2110 1504 2165 883.
1526 2113 1563 2151 εἴ
1581 2129 1647 2162 μοι
1672 2112 1799 2162 ξυνείη

367 2176 528 2230 φέροντι
546 2180 675 2228 μοῖρα.
705 2175 853 2229 Eurip.
877 2176 982 2216 Hec.
1005 2176 1098 2230 836.
1119 2178 1155 2216 εἴ
1170 2193 1236 2226 μοι
1255 2176 1407 2228 γένοιτο
1429 2179 1617 2229 φθόγγος.
1662 2178 1801 2218 Usita-

367 2243 450 2284 tius
468 2251 528 2283 est
549 2244 583 2283 εἰ
601 2241 689 2295 γάρ.
719 2242 1024 2282 ABRESCH.

424 2310 553 2364 τέλος]
584 2309 760 2358 Dubito,
792 2318 931 2349 utrum
966 2308 1205 2348 vertendum
1240 2307 1291 2348 sit
1324 2309 1407 2348 voti
1422 2309 1547 2362 finis,
1579 2324 1629 2349 an
1664 2309 1801 2364 potius

369 2380 535 2427 donum,
557 2376 773 2427 δαπάνημα,
795 2391 879 2430 quo
905 2389 1021 2415 sensu
1047 2374 1240 2429 Euripidi
1270 2374 1489 2414 adhibetur
1518 2390 1581 2430 ap.
1603 2375 1799 2415 Eustath.

368 2460 411 2500 p.
447 2444 542 2498 789,
580 2456 643 2494 14.
684 2441 807 2483 schol.
841 2442 985 2482 Venet.
1017 2441 1058 2480 in
1100 2440 1216 2481 Iliad.
1254 2444 1301 2481 K.
1337 2442 1405 2494 56.
1448 2440 1571 2482 schol.
1611 2441 1800 2482 Leidens.

369 2510 622 2552 Valckenaer.
643 2524 684 2564 p.
708 2520 800 2559 244.
823 2507 963 2558 Μάτην
982 2509 1057 2559 γὰρ
1078 2509 1167 2560 οἴκῳ
1188 2510 1245 2560 σῷ
1269 2506 1345 2547 τόδ’
1369 2508 1529 2549 ἐκκαίεις
1557 2508 1685 2550 τέλος.
1735 2508 1803 2548 Ita

370 2576 477 2617 enim
498 2575 602 2630 lego.
653 2574 904 2615 Abreschius
923 2573 1020 2614 citat
1042 2573 1250 2613 Prometh.
1274 2576 1368 2626 617.
1393 2574 1527 2627 (637.)
1550 2575 1702 2614 Οὐκοῦν
1731 2575 1801 2615 πό-

369 2659 452 2696 ροις
479 2642 529 2683 ἂν
559 2641 672 2692 τήνδε
703 2642 850 2692 δωρεὰν
885 2641 992 2691 ε’μοί;
1030 2643 1082 2680 Π,
1119 2638 1211 2692 Λέγ’
1246 2638 1364 2689 ἥντιν’
1398 2641 1507 2680 αἰτεῖ·
1538 2644 1615 2681 πᾶν
1648 2643 1723 2692 γὰρ
1755 2640 1804 2680 ἂν

371 2709 509 2750 πύθοιό
527 2724 613 2759 μου.
642 2715 683 2747 et
705 2707 853 2758 κούφαν
873 2706 984 2746 δόσιν
1004 2721 1026 2744 e
1047 2705 1215 2746 Pindar.
1239 2705 1385 2746 Isthm.
1413 2719 1447 2754 1,
1469 2707 1539 2746 60.
1571 2707 1801 2747 BLOMF.

372 2792 434 2828 γρ.
454 2775 578 2826 λόγον
599 2787 739 2828 margo
759 2773 823 2811 M.
845 2787 894 2811 ex
914 2771 1165 2826 glossemate.

433 2842 526 2882 261.
556 2839 690 2892 λέγοις
710 2838 759 2879 ἂν
779 2839 828 2880 ὣς
847 2837 1024 2891 τάχιστα,
1047 2839 1109 2879 καὶ
1137 2837 1223 2890 τάχ’
1245 2837 1427 2891 εἴσομαι]
1460 2838 1524 2878 Sic
1556 2838 1680 2893 Soph.
1699 2838 1802 2879 OEd.

373 2907 424 2947 T.
452 2907 571 2960 1516.
593 2905 733 2955 λέξεις,
756 2905 817 2945 καὶ
837 2904 912 2945 τότ’
935 2907 1088 2956 εἵσομαι
1109 2906 1248 2946 κλύων.
1281 2904 1498 2960 STANL.
