1898 3256
592 205 680 246 AD
713 203 1192 245 PROMETHEUM.
1572 203 1628 246 77

218 326 320 368 504.
342 314 442 362 οἶδα,
463 314 534 369 μὴ]
559 313 629 355 οἶδ’
653 317 688 356 εἶ
706 315 866 371 aliquot
888 314 1011 356 codd.

218 394 316 436 505.
337 383 466 438 μύθῳ]
489 383 599 438 λόγῳ
620 381 799 424 Vindob.
822 382 923 424 duo.

218 449 349 491 πάντα
367 453 491 491 ταῦτα
511 450 580 490 Μ.
603 459 645 491 et
664 459 866 506 quattuor
883 449 966 491 alii.

216 518 314 572 506.
335 521 561 570 βροτοῖσιν]
586 521 790 570 θνητοῖσιν
809 518 897 559 duo
917 517 1039 559 codd.

218 596 319 639 507.
339 584 392 637 μή
413 602 484 626 νυν
503 586 725 627 Porsonus.
788 585 927 642 Vulgo
946 585 999 638 μὴ
1020 589 1104 627 νῦν.

216 666 316 708 512.
339 655 492 708 κρᾶναι]
520 657 656 707 κρῆναι
676 653 777 695 Ald.
801 654 912 695 Rob.

216 732 315 776 513.
337 721 549 776 φυγγάνω]
575 726 767 776 φυγγανῶ
789 722 970 763 Vindob.
993 721 1092 762 duo.
1135 721 1270 762 Iidem
1292 737 1334 763 v.
1354 732 1457 777 525.
1480 724 1626 777 ἐκφυγ-

159 793 282 842 γανῶ.
344 791 450 840 Quae
471 789 618 831 vitiosa
636 790 771 830 forma
789 789 923 831 futuri
945 798 1018 839 est,
1041 788 1196 830 librarii
1218 789 1390 831 arbitrio
1409 789 1535 832 illata.

213 859 311 912 516.
348 861 500 911 Μοῖραι
528 857 756 913 τρίμορφοι]
786 859 893 899 Tres
913 858 1078 906 Parcae,
1099 857 1233 910 μορφὴ
1253 857 1362 898 enim
1393 858 1460 899 hic
1490 873 1629 915 perso-

157 938 254 965 nam
288 924 504 981 significat.
581 927 726 967 Parcae
757 935 896 967 autem
929 925 1017 966 fata
1054 925 1301 975 decernunt,
1333 926 1478 967 Furiae
1508 941 1626 968 exse·

157 1002 362 1049 quuntur.
387 995 522 1036 SCH.

213 1059 390 1114 Ἐρινύες
411 1063 476 1103 Μ.
541 1061 680 1118 Vulgo
698 1061 916 1115 Ἐριννύες.

212 1141 314 1183 517.
344 1130 421 1183 ἄρα
452 1130 551 1174 Ζεὺς
579 1130 766 1186 quinque
795 1130 917 1171 codd.
980 1130 1178 1171 Totidem
1210 1138 1252 1170 et
1280 1130 1392 1170 Rob.
1415 1130 1493 1182 ἆρα
1514 1132 1624 1174 Ζεύς.

158 1195 218 1249 ἆρ’
240 1198 261 1237 ὁ
284 1198 382 1240 Ζεὺς
401 1197 506 1238 Ald.
537 1197 596 1251 ἄρ’
619 1199 640 1239 ὁ
670 1198 770 1241 Ζεὺς
790 1199 928 1238 Turn.
948 1207 990 1239 et
1016 1197 1137 1239 codd.
1159 1196 1332 1253 optimi:
1365 1197 1480 1254 quod
1512 1197 1627 1239 resti-

159 1263 378 1307 tuendum.

215 1333 315 1387 518.
345 1335 412 1389 γε]
446 1351 490 1376 τε
520 1333 623 1376 Ald.
655 1344 697 1376 et
726 1334 846 1376 codd.
878 1333 1082 1375 nonnulli.
1115 1333 1323 1375 Herodoti
1349 1333 1476 1375 verba
1496 1347 1532 1384 1,
1555 1347 1623 1388 91.

156 1401 410 1457 comparavit
446 1401 732 1453 Blomfiddus,
768 1402 841 1454 τὴν
875 1401 1135 1455 πεπρωμένην
1164 1402 1304 1455 μοίρην
1334 1401 1507 1443 ἀδύνατά
1539 1403 1626 1444 ἐστι

157 1468 403 1523 ἀποφυγέειν
424 1470 488 1511 καὶ
506 1473 559 1526 τῷ
582 1472 674 1526 θεῷ.

210 1549 311 1591 519.
331 1537 454 1593 πλὴν]
479 1538 573 1591 πρὶν
593 1538 658 1579 Μ.

212 1617 313 1658 520.
335 1605 460 1647 οὐκέτ’
482 1605 532 1647 ἂν
551 1623 592 1648 π.
618 1605 858 1647 Brunckius
878 1605 1015 1655 tacite,
1036 1620 1089 1658 ex
1109 1604 1194 1646 suis
1223 1603 1337 1646 haud
1364 1604 1491 1646 dubie
1514 1605 1626 1646 codi-

155 1671 273 1713 cibus
298 1673 447 1727 (A-B.)
471 1673 722 1730 quibuscum
752 1682 954 1730 quattuor
982 1672 1051 1714 alii
1080 1673 1356 1715 consentiunt.
1388 1674 1457 1715 οὐκ
1484 1673 1535 1715 ἂν
1555 1675 1626 1716 οὖν

156 1756 198 1782 π.
219 1739 358 1796 vulgo.
382 1742 454 1783 οὖν
473 1742 674 1783 omittunt
692 1741 854 1783 codices
875 1749 1089 1797 quattuor.

211 1821 311 1862 522.
333 1808 485 1865 Eurip.
509 1808 607 1850 Hel.
630 1822 722 1863 119.
745 1810 874 1850 ἄλλου
893 1810 1018 1862 λόγου
1037 1807 1231 1860 μέμνησο.
1254 1809 1486 1851 BLOMF.

212 1886 312 1931 525.
338 1876 450 1929 δύας]
469 1877 564 1928 βίας
581 1876 741 1933 aliquot
761 1876 885 1918 codd.
908 1886 949 1918 et
971 1876 1085 1917 Rob.

213 1945 456 1998 526—544.
478 1945 633 1986 Versus
656 1944 698 1985 in
725 1944 822 1986 edd.
845 1952 944 1986 vett.
966 1944 1023 1986 sic
1046 1943 1181 1995 divisi,
1202 1943 1404 1998 μηδάμ’-
1429 1944 1435 2002 Ι
1462 1947 1626 1987 ἀντίπα-

157 2017 233 2053 λον
251 2037 311 2043 —-
334 2011 341 2069 Ι
368 2012 480 2055 θεοὺς
506 2037 565 2043 -
589 2012 595 2069 Ι
620 2014 839 2065 βουφόνοις
867 2037 924 2043 -
949 2012 957 2065 Ι
983 2012 1190 2063 ἄσβεστον
1212 2037 1271 2042 -
1297 2011 1302 2069 Ι
1330 2012 1497 2053 ἇλλά-
1523 2012 1528 2070 Ι
1554 2014 1626 2065 ἡδύ

154 2104 212 2111 —-
238 2079 244 2136 Ι
271 2081 467 2122 ἐλπίσι-
492 2079 498 2138 Ι
526 2082 629 2122 ἐν-
654 2080 661 2137 Ι
685 2081 891 2133 μυρίοις-
917 2081 925 2134 Ι
952 2082 1119 2131 Ζῆνα-
1144 2078 1151 2135 Ι
1179 2081 1542 2135 ἰδίᾳ-Προμηθεῦ.

211 2158 309 2202 527.
333 2147 447 2204 θεῖτ’]
472 2152 578 2190 θεῖτο
597 2149 665 2189 Μ.
686 2147 840 2205 aliique
860 2146 1049 2189 nonnulli
1070 2156 1112 2188 et
1132 2147 1236 2188 Ald.
1257 2148 1370 2190 Rob.

214 2229 314 2271 530.
348 2217 572 2269 ἐλινύσαιμι
592 2216 705 2258 Rob.
726 2225 767 2257 et
793 2230 889 2272 pars
911 2215 1115 2257 codicum.
1178 2215 1268 2256 Alii
1289 2217 1553 2268 ἐλιννύσαιμι,
1578 2227 1625 2258 ut

160 2282 264 2324 Ald.
287 2284 424 2325 Turn.

213 2350 539 2406 ποτινισσομένα]
584 2350 869 2404 ποτινισομένα
909 2351 977 2392 M.
1029 2355 1058 2375 “
1081 2351 1311 2403 Νείσσομαι
1352 2360 1394 2391 et
1436 2352 1626 2403 νίσσομαι

158 2427 336 2473 utroque
358 2418 483 2459 modo
502 2418 623 2460 scribi
643 2418 765 2460 docet
786 2417 1001 2460 Bentleius
1020 2418 1074 2459 ad
1095 2419 1247 2459 Horat.
1272 2419 1413 2459 Carm.
1434 2432 1469 2466 1,
1494 2429 1563 2474 25,
1585 2430 1623 2472 7.

157 2484 230 2525 sed
251 2495 388 2526 tamen
411 2487 621 2539 νείσσομαι
641 2486 793 2527 rectius
816 2485 992 2542 judicat,
1014 2485 1184 2541 quicum
1206 2487 1330 2526 sentit
1355 2485 1550 2527 Valcken.
1569 2486 1623 2528 ad

160 2552 374 2594 Theocrit.
398 2566 439 2606 7,
468 2565 534 2608 25.
597 2553 680 2595 Sed
709 2553 750 2594 in
786 2553 1024 2610 compositis
1058 2567 1220 2608 semper
1250 2567 1325 2609 per
1355 2552 1579 2609 simplicem
1612 2572 1626 2595 ι

866 2618 1033 2635 ’’’’

160 2687 354 2744 Sophocl.
395 2688 545 2744 Antig.
583 2701 675 2742 129.
722 2691 874 2743 Πολλῷ
912 2688 1072 2740 ῥεύματι
1110 2686 1492 2739 προσνισσομένους.
1555 2690 1621 2731 Cf.

159 2754 388 2797 Ruhnken.
412 2755 550 2812 Epist.
573 2755 676 2796 Crit.
700 2769 734 2796 1.
757 2770 798 2811 p.
820 2755 917 2810 99.''
938 2755 1173 2796 BLOMF.

213 2834 312 2878 531.
333 2823 551 2877 Ὠκεανοῦ]
579 2823 790 2864 Ὠκεανοῖο
812 2823 949 2862 Turn.
972 2831 1012 2862 et
1032 2820 1152 2862 codd.
1175 2821 1374 2870 nonnulli.

215 2890 421 2941 ἄσβεστον
453 2891 596 2945 πόρον]
630 2891 846 2941 ἄσβεστος,
877 2889 1176 2930 [nemsi-incius.
1209 2890 1445 2946 Inquietus.
1476 2892 1619 2935 &narci-
