1898 3256
317 215 371 253 14
858 215 1211 255 PRAEFATIO.

317 323 606 369 diffitendum
640 330 797 369 tamen
833 330 903 369 est
942 339 1157 383 magnam
1197 338 1391 382 eamque
1431 323 1748 369 difficillimam

315 399 524 444 relictam
558 400 616 443 ab
649 399 740 443 illis
769 413 867 444 esse
900 399 1066 444 laboris
1099 403 1303 457 partem:
1346 399 1404 443 de
1438 414 1528 457 quo
1563 413 1649 457 ego
1682 399 1749 443 ita

315 475 462 519 sentio
485 479 538 518 ut
560 489 653 518 non
675 479 772 518 tam
795 474 1194 532 reprehendendos
1226 488 1324 518 esse
1354 478 1517 532 putem
1549 473 1748 518 editores

316 550 438 607 quod
472 548 670 607 plurima
696 548 770 592 vel
804 548 1074 607 imperfecta
1106 547 1374 606 reliquerint
1397 547 1483 600 vel,
1512 548 1635 606 quod
1669 562 1749 592 sae-

314 624 500 682 pissime
523 624 703 676 accidit,
728 628 942 680 corrupta
965 628 1013 666 et
1035 622 1228 666 obscura
1249 637 1309 666 ne
1339 623 1747 667 animadverterint

312 699 514 756 quidem,
541 714 677 757 quam
701 698 951 742 laudandos
975 698 1097 756 quod
1131 702 1315 741 tantum
1350 698 1541 755 quisque
1573 698 1747 756 praesti-

314 774 424 817 terit
458 779 680 831 quantum
714 788 796 832 pro
828 773 993 816 virium
1027 788 1211 817 suarum
1243 774 1381 817 modo
1418 777 1631 831 praestare
1666 788 1747 832 po-

314 847 471 891 tuerit.

379 921 453 965 De
487 921 668 965 scholiis
702 921 885 974 Graecis,
918 936 978 965 ex
1014 921 1178 979 quibus
1212 922 1418 967 locorum
1458 923 1745 981 quorundam

313 996 657 1040 emendationes
696 996 960 1055 petiverunt
998 996 1234 1048 editorese,
1270 997 1486 1055 quoniam
1527 1012 1608 1042 suo
1643 997 1745 1042 loco

312 1070 585 1130 explicatius
619 1071 707 1115 erit
742 1072 1000 1123 dicendum,
1022 1085 1169 1129 pauca
1201 1086 1322 1116 nunc
1356 1074 1586 1117 monuisse
1623 1073 1746 1117 suffi-

312 1147 416 1201 ciat.
486 1145 667 1190 Primus
695 1146 775 1190 illa
801 1146 946 1190 edidit
975 1145 1243 1190 Franciscus
1267 1147 1564 1191 Robortellus
1587 1147 1744 1192 Vene-

311 1221 388 1265 tiis
421 1236 461 1265 a.
483 1234 603 1278 1552.
635 1220 835 1266 Mariani
871 1220 1042 1265 Savelli
1074 1221 1366 1279 potissimum
1401 1222 1574 1275 codice,
1606 1237 1743 1281 quem

311 1295 359 1339 in
389 1296 475 1340 hac
510 1311 693 1355 quoque
726 1302 857 1355 parte
891 1296 1088 1340 similem
1113 1295 1330 1341 Mediceo
1353 1297 1492 1341 fuisse
1526 1296 1745 1356 intelligi-

310 1385 426 1423 mus,
461 1371 652 1430 aliisque
685 1371 915 1415 nonnullis
951 1372 1092 1415 trium
1127 1372 1378 1430 primarum
1417 1373 1743 1431 tragoediarum

310 1445 648 1505 exemplaribus
671 1447 737 1491 ita
758 1461 867 1491 usus
890 1452 944 1490 ut
967 1446 1116 1491 multa
1143 1461 1244 1504 quae
1275 1446 1457 1491 inutilia
1479 1447 1745 1491 viderentur

309 1527 548 1566 resecaret.
617 1522 753 1566 Hanc
793 1521 1115 1566 collectionem
1152 1521 1389 1566 Victorius
1422 1522 1651 1581 repetivit,
1684 1537 1743 1566 ex

309 1597 467 1641 codiee
487 1597 703 1642 Mediceo
722 1603 770 1641 et
794 1593 1002 1641 aliundef
1023 1597 1316 1641 emendatam
1334 1602 1382 1641 et
1399 1597 1742 1656 locupletatam,

309 1672 591 1716 diversorum
625 1677 783 1716 tamen
819 1672 1031 1716 codicum
1071 1672 1266 1724 scholiis,
1301 1673 1378 1731 qui
1420 1679 1519 1717 erat
1557 1674 1742 1718 illorum

309 1761 409 1791 mos
442 1753 716 1806 temporum,
752 1763 845 1792 non
885 1747 1125 1792 distinctis.
1192 1745 1272 1791 Ad
1310 1747 1407 1792 haec
1443 1750 1740 1807 postmodum

309 1838 428 1867 nova
466 1829 755 1868 accesserunt
795 1823 1071 1868 scholiorum
1103 1823 1161 1867 ad
1200 1827 1294 1867 tres
1332 1823 1501 1881 primas
1539 1824 1742 1870 maxime

309 1897 487 1943 fabulas
510 1905 758 1958 augmenta
781 1914 840 1942 ex
870 1899 1038 1943 infimae
1069 1898 1215 1943 aetatis
1249 1899 1483 1943 codicibus
1516 1899 1575 1943 ab
1607 1899 1743 1944 Stan-

309 1972 412 2025 leio‚
442 1972 636 2018 Butlero
665 1979 713 2018 et
739 1973 933 2018 Faehsio
967 1979 1198 2033 congesta.
1266 1973 1475 2026 Quorum
1511 1975 1740 2023 editorum

361 2085 378 2104 e
407 2077 520 2113 Conf.
541 2084 670 2114 annot.
692 2077 739 2114 ad
760 2077 953 2114 Prometh.
974 2078 1064 2114 601.
1086 2078 1192 2127 Sept.
1216 2090 1303 2127 523.
1324 2079 1413 2127 667.
1435 2079 1541 2116 Pers.
1563 2081 1627 2127 63.
1651 2081 1740 2128 829.

307 2140 446 2190 Agam.
471 2153 509 2176 11
524 2152 580 2176 11.
600 2141 710 2188 1148.
731 2140 901 2190 Choeph.
920 2141 1004 2188 163.
1026 2141 1113 2189 787.
1135 2151 1224 2189 971.
1245 2142 1361 2178 Eum.
1383 2143 1470 2179 260.
1492 2143 1627 2193 Suppl.
1646 2145 1739 2192 363.

306 2216 396 2251 443.
418 2204 506 2240 882.
564 2202 698 2239 Paullo
717 2202 869 2251 majoris
887 2203 1068 2240 momenti
1088 2210 1178 2240 sunt
1197 2217 1289 2252 quas
1307 2204 1471 2242 editores
1490 2218 1536 2242 ex
1556 2219 1741 2255 gramma-

307 2266 392 2303 ticis
423 2267 581 2315 aliisque
613 2265 858 2315 scriptoribus
887 2265 1059 2302 fecerunt
1091 2266 1259 2303 locorum
1292 2268 1529 2316 quorundam
1565 2271 1740 2307 emenda-

307 2329 441 2366 tiones.
498 2329 548 2365 V.
577 2328 625 2364 ad
656 2328 850 2364 Prometh.
884 2340 916 2364 2.
944 2328 980 2364 6.
1011 2340 1074 2376 59.
1098 2341 1180 2377 150.
1205 2329 1294 2376 438.
1317 2331 1405 2375 461.
1426 2331 1516 2380 609.
1540 2333 1627 2380 850.
1650 2333 1738 2381 877.

308 2391 416 2442 Sept.
450 2403 536 2439 227.
567 2390 704 2440 Agam.
728 2390 919 2427 108.111.
943 2403 1027 2437 14¹-
1058 2391 1146 2429 282.
1179 2394 1266 2440 284.
1293 2395 1405 2442 1356.
1429 2396 1537 2442 1624.
1570 2386 1739 2447 Choepli.

307 2465 396 2503 350.
420 2466 508 2503 773.
540 2452 674 2503 Suppl.
696 2453 785 2489 682.
807 2453 895 2501 885.

358 2517 375 2543 f
404 2517 555 2554 Scholia
591 2516 775 2552 nonnulla
811 2517 857 2553 ab
896 2516 1069 2553 Victorio
1105 2517 1187 2567 ipso
1219 2520 1427 2569 composita
1463 2534 1543 2558 esse
1580 2523 1739 2571 conjecit

306 2581 520 2618 Ahrensius
548 2593 584 2630 p.
612 2589 650 2627 5,
678 2585 780 2615 recte
812 2579 995 2616 fortasse:
1027 2592 1241 2629 quanquam
1270 2594 1354 2630 quae
1383 2583 1515 2620 attulit
1542 2586 1739 2622 sententiae

306 2657 383 2680 suae
415 2642 642 2679 documenta
672 2640 736 2689 (ex
765 2641 880 2679 schol.
915 2641 962 2678 ad
993 2642 1128 2692 Suppl.
1156 2656 1192 2680 v.
1214 2656 1246 2680 1.
1278 2647 1450 2694 ἀφίκτωρε
1485 2650 1594 2683 ἱκετῶν
1621 2650 1738 2696 ἔφορος.

312 2718 368 2742 12.
389 2709 591 2753 στασίαρχος
607 2718 615 2741 2
650 2707 706 2749 τ”ἧς
724 2708 915 2747 συστάσεως
933 2706 1019 2752 ἡμῶν
1036 2705 1152 2753 ἄρχων.
1183 2713 1383 2754 πεσσονομῶν
1398 2722 1407 2744 :
1440 2710 1496 2745 ὑπὸ
1514 2713 1629 2746 τούτων
1648 2718 1737 2758 λαγι-

304 2769 436 2815 ζόμενος.
483 2779 546 2814 41.
578 2768 708 2815 vto'prw:
744 2768 796 2804 τὸν
825 2765 986 2817 ''En-mpetu.
1043 2780 1108 2814 42.
1141 2773 1302 2818 τιμάοραε
1341 2772 1480 2815 βοηθόν.)
1513 2772 1606 2809 falsa
1636 2781 1738 2811 sunt.

306 2830 408 2867 Nam
428 2829 492 2866 illa
510 2830 636 2866 omnia
654 2844 723 2880 ego
743 2843 790 2867 cx
810 2830 937 2868 codice
957 2831 1134 2869 Mediceo
1153 2839 1332 2870 annotata
1351 2833 1470 2872 habeo
1495 2835 1738 2886 indidemque

306 2892 466 2944 sumpsit
483 2892 688 2929 Victorius.
