1898 3256
286 212 368 254 164
752 219 1245 260 ANNOTATIONES

287 338 365 376 υης,
385 329 451 377 τῆς
468 330 684 379 μιξοθρόου,
706 329 790 380 ἤτοι
812 333 878 380 τῆς
905 333 1022 383 θροῦν
1044 331 1105 372 καὶ
1122 331 1225 382 βοὴν
1243 331 1473 383 ποιουμένης
1491 330 1713 382 ἀνάμικτον’

285 397 463 443 γυναῖκες
482 396 556 447 γὰρ
578 396 639 436 καὶ
658 400 793 439 παῖδες
812 397 1044 449 ἀκμάζοντες
1065 399 1126 439 καὶ
1145 399 1325 450 ἆρτιγενῆ
1347 397 1478 450 βρέφη
1499 398 1561 439 καὶ
1580 397 1716 450 ἄνδρες

286 459 348 498 καὶ
376 458 558 511 γέροντες
587 462 785 503 ἐποιοῦντο
815 464 884 503 τὸν
904 466 1045 515 θρῆνον
1065 465 1288 515 σύμμικτον.
1320 462 1456 514 ληΐδας
1483 478 1557 519 per
1576 465 1715 517 αἰχμα-

284 525 430 568 λώτους
459 526 633 581 explicat
654 528 899 584 Hesychius,
921 537 961 569 et
989 529 1150 580 ληϊάδας
1181 531 1252 582 (ex
1282 530 1410 570 Hom.
1442 529 1493 570 11.
1513 533 1560 570 Ὑ.
1587 529 1713 583 193.)‚

286 591 328 630 ἐκ
356 592 466 634 λείας
495 594 763 646 αἰχμαλώτους
783 596 1093 648 συλληφθείσας.
1142 595 1366 651 AEschylus
1390 594 1507 636 λαΐδα
1534 595 1715 651 captivos

283 655 400 707 dixit,
421 659 766 712 quemadmodum
787 662 811 712 ἡ
832 663 1081 714 αἰχμαλωσία
1099 676 1174 718 pro
1195 664 1232 703 οἱ
1251 662 1491 715 αἰχμάλωτοι
1508 661 1670 702 dicitur.

338 735 435 777 332.
465 741 524 765 τοι
551 725 747 766 omittunt
771 727 890 768 codd.
918 728 1100 769 nonnulli
1129 738 1169 769 et
1190 728 1289 769 Ald.
1311 729 1419 770 Rob.
1442 729 1600 769 Turn.:
1632 726 1715 783 pri-

282 804 375 831 mus
393 806 442 831 ex
464 791 601 832 codice
621 807 695 832 suo
713 793 872 834 addidit
892 794 1033 850 Steph.

338 871 437 912 333.
461 859 647 912 κλαυτὸν]
671 859 867 901 κλαυστὸν
887 860 995 901 Rob.

338 925 594 978 ἀρτιτρόποις]
628 925 739 965 Mira
765 925 817 965 de
845 925 922 966 hoc
948 927 1148 968 vocabulo
1174 937 1267 968 sunt
1292 938 1518 969 commenta
1542 926 1712 968 scholia-

280 998 448 1039 starum,
470 1006 645 1045 quorum
666 1006 716 1032 ex
737 990 1067 1034 annotationibus
1085 992 1287 1048 pluribus,
1301 1009 1396 1049 quae
1415 994 1555 1035 eodem
1572 1008 1712 1034 omnes

279 1056 465 1107 redeunt,
489 1072 611 1098 unam
632 1058 868 1114 apposuisse
894 1058 988 1100 satis
1017 1060 1228 1110 habemus,
1251 1062 1285 1102 εἰ
1304 1063 1378 1112 μὲν
1397 1063 1460 1102 διὰ
1477 1064 1545 1101 τοῦ
1564 1077 1586 1101 τ
1605 1062 1708 1113 ἆρτι-

279 1125 445 1175 τρόποις,
467 1129 550 1167 ταῖς
570 1125 709 1165 νεωστὶ
728 1127 954 1177 τραπείσαις
973 1126 1050 1167 ἀπὸ
1069 1129 1136 1177 τῆς
1154 1130 1327 1178 παιδικῆς
1353 1127 1504 1178 ἡλικίας
1530 1127 1593 1168 καὶ
1613 1127 1711 1178 ἡβη-

280 1188 436 1233 σάσαις·
469 1193 503 1231 εἰ
523 1193 562 1231 δὲ
584 1193 646 1232 διὰ
665 1195 733 1232 τοῦ
753 1195 774 1232 δ
795 1193 1046 1245 ἆρτιδρόποις,
1069 1197 1152 1236 ταῖς
1177 1194 1261 1246 ἄρτι
1281 1193 1542 1246 δρεπομέναις.
1597 1192 1711 1234 Mira

276 1256 396 1296 etiam
417 1257 581 1298 Stanleii
597 1257 877 1313 interpretatio
897 1263 925 1282 “
939 1259 1095 1300 Νεωστὶ
1109 1258 1365 1310 ἠθοποιήτοις,
1383 1258 1564 1307 novellis,
1577 1273 1710 1314 nuper

276 1323 481 1370 formatis3
515 1323 578 1364 vel
597 1324 700 1365 bene
721 1333 761 1365 et
780 1324 928 1380 pudice
946 1325 1112 1365 moratis
1132 1324 1394 1380 virginibus.''
1433 1325 1604 1365 Sensum
1622 1339 1709 1364 ver-

275 1390 422 1432 borum
455 1401 565 1431 recte
598 1391 817 1432 declaravit
849 1391 1130 1441 Blomfieldus,
1164 1392 1335 1432 Flebilis
1369 1397 1505 1432 autem
1534 1405 1599 1432 res
1632 1398 1706 1441 est,

275 1459 515 1514 virginibus
545 1460 618 1499 vz'oe
644 1459 741 1499 dum
769 1459 960 1507 maturis,
981 1464 1076 1499 ante
1104 1459 1299 1498 solemnia
1327 1458 1500 1498 crudum
1526 1459 1709 1513 virgini-

275 1526 530 1581 tatisflorem
549 1526 820 1580 decerpentia,
839 1539 866 1563 a
886 1525 1070 1565 domibus
1088 1525 1270 1565 odiosum
1290 1526 1369 1565 iter
1380 1526 1592 1580 perficere.
1625 1524 1706 1565 Sed

275 1592 504 1643 ἆρτίτροπον
523 1591 731 1646 quomodo
759 1591 836 1631 hoc
867 1590 1095 1645 significatu
1125 1590 1203 1631 dici
1234 1591 1442 1647 potuerint
1465 1606 1596 1647 quum
1624 1606 1707 1632 non

273 1657 508 1712 intelligam,
531 1659 775 1710 ἆρτιτρόφοις
794 1656 1079 1713 corrigendum
1102 1666 1218 1712 puto,
1239 1658 1350 1714 quod
1374 1659 1646 1701 Schneiderus
1664 1659 1707 1700 in

275 1723 429 1764 Lexico
448 1722 673 1780 proposuit.

329 1790 578 1844 ὠμοδρόπων]
598 1790 831 1842 ὦμοτρόπων
851 1790 959 1830 Rob.

330 1860 425 1912 336.
457 1859 496 1898 τί
507 1858 539 1911 ;]
569 1858 605 1897 τὶ
623 1856 717 1897 edd.
739 1867 892 1898 veteres
911 1858 994 1898 sine
1015 1857 1355 1912 interpunctione.
1407 1858 1579 1898 Sensum
1599 1867 1707 1899 recte

268 1924 469 1980 *explicuit
488 1923 714 1973 scholiasta,
735 1924 771 1963 τὶ
790 1925 866 1976 γὰρ
885 1927 947 1965 δεῖ
962 1925 1095 1964 πολλὰ
1112 1923 1275 1976 λέγειν;

327 1992 423 2046 338.
445 1992 546 2031 Post
566 1992 641 2043 γὰρ
660 1989 810 2030 excidit
829 2004 999 2030 comma.

328 2058 464 2100 πτόλις
482 2058 558 2097 Ar.
581 2066 622 2097 et
643 2056 751 2097 Rob.
780 2059 894 2099 πόλις
911 2056 1003 2096 libri
1023 2056 1181 2109 reliqui.

329 2136 427 2178 339.
449 2123 469 2165 ἒ
490 2123 529 2178 ἒ]
552 2123 572 2164 ἒ
590 2131 735 2178 quater
755 2123 808 2162 E.
840 2122 883 2162 αἶ
900 2121 943 2163 αἶ
959 2122 1087 2163 codex
1111 2122 1390 2162 Taurinensis.

329 2191 689 2242 πολλὰ-δυστυχῆ
717 2190 777 2242 τε]
813 2187 1023 2229 Usitatum
1044 2196 1105 2227 est
1123 2189 1257 2228 πολλὰ
1276 2188 1409 2228 καὶ-
1429 2188 1492 2229 vel
1511 2190 1642 2231 πολλά
1661 2207 1705 2232 τε

274 2257 404 2298 καὶ-.
469 2254 597 2311 Apud
628 2253 868 2310 Sophoclem
900 2253 1074 2294 Philoct.
1094 2254 1192 2307 584.
1221 2252 1337 2294 πόλλ’
1359 2255 1436 2307 ἐγὼ
1465 2256 1603 2296 κείνων
1629 2258 1704 2297 ὕπο

274 2327 373 2376 δρῶν
402 2321 630 2374 ἇντιπάσχω
658 2320 811 2374 χρηστά
839 2319 892 2373 γ’,
922 2319 972 2360 οῖ’
1002 2320 1098 2372 ἀνὴρ
1121 2319 1253 2372 πένης,
1283 2321 1463 2362 Dobraeo
1490 2322 1642 2375 χρηστά,
1670 2322 1707 2363 θ’

273 2387 528 2430 scribendum
558 2387 789 2438 videbatur,
822 2386 935 2442 quod
974 2401 1068 2428 cum
1104 2386 1193 2428 loco
1220 2387 1445 2444 AEschyleo
1480 2390 1705 2444 comparari

272 2455 433 2512 poterit,
455 2454 487 2495 si
507 2463 614 2494 recte
632 2453 803 2509 conjecit
823 2454 1040 2495 Dobraeus.

329 2523 499 2575 πράσσει
536 2520 694 2562 codices
730 2520 912 2575 plerique
942 2534 1082 2562 omnes
1114 2528 1154 2560 et
1190 2519 1331 2575 Steph.
1375 2520 1568 2572 πράσσειν
1602 2520 1702 2561 Ald.

275 2589 384 2630 Rob.
407 2589 541 2628 Turn.
571 2587 717 2640 πάσχει
737 2586 1056 2642 superscriptum
1074 2585 1117 2626 in
1139 2587 1188 2626 C.

328 2667 403 2709 34]
417 2684 426 2693 .
466 2656 514 2694 τὰ
553 2654 595 2694 δὲ
635 2654 696 2694 καὶ
734 2652 944 2707 πυρφορεῖ]
976 2654 1031 2693 In
1069 2653 1196 2693 aliam
1231 2657 1391 2707 partem
1430 2652 1573 2706 ignem
1599 2653 1699 2705 fert.

276 2720 506 2762 BLOMF.
558 2720 621 2760 καὶ
638 2734 717 2760 om.
741 2720 803 2760 Μ.
824 2718 974 2774 aliique
993 2717 1177 2759 nonnulli
1197 2728 1236 2759 et
1257 2718 1368 2758 Rob.

329 2800 426 2843 342
458 2785 608 2842 καπνῷ]
630 2787 672 2827 δὲ
693 2785 852 2826 addunt
871 2784 1067 2826 editiones
1085 2793 1178 2826 ante
1199 2783 1477 2826 Brunckium:
1509 2783 1696 2836 omittunt

275 2856 326 2896 B.
346 2854 509 2909 aliique,
531 2862 577 2894 ut
597 2852 774 2903 videtur,
793 2851 961 2893 codices.

330 2934 428 2976 343
459 2920 489 2961 δ’
521 2919 693 2974 ἐπιπνεῖ]
721 2918 752 2959 δ’
787 2920 934 2960 ἐπιτνεῖ
965 2915 1068 2958 Ald.
1101 2916 1211 2958 Rob.·
1254 2915 1284 2957 δ’
1318 2917 1471 2958 ἐπιπνεῖ
1499 2907 1624 2967 Trfn.
1652 2922 1691 2956 et

1460 2999 1547 3256 s
