1898 3256
747 218 838 260 AD
869 216 1121 260 PERSAS.
1586 215 1672 259 263

259 338 359 385 307.
381 329 758 385 θαλασσόπληκτον]
788 328 909 371 Libri
932 328 1094 385 aliquot
1114 329 1482 371 θαλασσόπληκτον
1507 328 1572 371 vel
1604 332 1672 372 θα-

201 399 554 452 λασσόπλαγκτον,
577 397 631 439 de
650 412 734 454 qua
754 396 993 454 corruptela
1013 396 1123 439 conf.
1145 412 1244 453 quae
1270 396 1324 439 de
1354 397 1602 442 ἆλίπλακτος
1629 408 1672 440 et

200 465 471 520 ἂλίπλαγκτος
494 465 606 508 dieta
625 475 720 508 sunt
741 465 796 507 ad
819 465 947 523 Soph.
969 465 1045 522 Aj.
1066 476 1168 521 597.

257 534 398 590 νῆσον]
421 533 642 576 Salamina.

254 615 353 658 309.
393 602 750 657 πελειοθρέμμονα]
791 601 1048 659 HesychiUS,
1084 602 1262 643 Πέλειον
1297 601 1499 656 θρέμμονα
1531 606 1668 659 νῆσον.

196 666 478 723 Ἀριστοτέλης
511 671 612 725 φησὶ
650 670 855 725 διαφέρειν
892 670 1128 724 περιστέρας
1166 671 1230 712 καὶ
1267 671 1442 714 πελειάς.
1478 681 1520 713 et
1555 687 1666 722 mox,

196 741 494 793 Πελεστόθρην.
525 742 649 791 νῆσον
678 739 750 791 τὴν
779 740 1042 790 Σαλαμινίαν.
1095 739 1212 780 Bene
1241 738 1474 790 Arnaldus‚
1497 740 1668 783 vocibus

194 804 474 860 Ἀριστοτέλης
494 825 528 849 κ.
550 824 584 849 τ.
604 812 644 848 λ.
665 806 708 848 in
728 806 1033 864 praecedentem
1052 805 1231 862 glossam
1257 806 1434 863 rejectis,
1455 818 1590 851 cetera
1611 809 1668 852 sic

192 875 422 932 conjungit,
455 874 808 929 Πελειοθρέμμονα
828 878 964 928 νῆσον.
996 876 1288 929 πελειοτρόφον
1319 878 1456 928 νῆσον.
1488 877 1560 929 τὴν
1584 882 1665 921 Σα-

191 945 395 997 λαμινίαν.
446 944 605 987 Melius
643 945 765 994 foret,
799 945 1156 998 Πελειοθρέμμονα
1187 947 1323 996 νῆσον.
1360 948 1663 1001 πελειοτρόφον.

191 1012 278 1066 ἤτοι
306 1013 380 1065 τὴν
410 1017 632 1067 Σαλαμῖνα.
694 1013 763 1056 Sic
793 1012 1024 1064 scholiasta,
1052 1012 1124 1065 τὴν
1154 1015 1280 1065 νῆσον
1306 1012 1378 1065 τὴν
1404 1015 1662 1069 πελειοθρέμ-

190 1098 306 1134 μονα.
336 1081 422 1134 ἤτοι
451 1082 523 1134 τὴν
549 1085 772 1135 Σαλαμῖνα.
834 1081 957 1123 Idem
989 1090 1203 1137 comparat
1236 1080 1510 1123 Homericum
1537 1088 1664 1126 πολυ-

191 1149 369 1203 τρήρωνά
397 1167 442 1192 τε
472 1152 650 1203 Θίσβην,
684 1149 808 1191 Iliad.
829 1153 874 1190 B.
894 1159 995 1204 502.
1047 1147 1255 1190 Stanleius
1285 1150 1501 1205 sequentia
1529 1161 1662 1194 notat.

192 1221 222 1242 “
239 1217 487 1260 Salaminem
507 1217 683 1260 insulam
706 1216 875 1260 Veneris
894 1218 936 1258 in
957 1217 1089 1258 tutela
1107 1216 1236 1258 fuisse
1256 1232 1308 1258 ex
1330 1218 1521 1260 Homero
1540 1218 1662 1263 disci-

188 1300 284 1327 mus
295 1302 309 1337 ς
342 1286 455 1328 unde
474 1285 689 1343 probabile
707 1295 771 1328 est
789 1284 1004 1327 columbas
1030 1299 1193 1326 summa
1212 1299 1312 1326 cura
1331 1285 1486 1328 incolas
1505 1288 1662 1330 enutri-

190 1353 309 1405 visse,
342 1362 471 1411 atque
504 1353 682 1396 insulam
716 1353 767 1395 iis
797 1352 1056 1395 abundasse:
1096 1351 1244 1393 Veneri
1280 1353 1389 1395 enim
1422 1369 1537 1397 sacra
1570 1356 1661 1399 haec

186 1422 313 1465 avis.”
342 1423 576 1466 BLOMF.

244 1505 344 1548 312.
364 1492 620 1546 Φερεσσεύης
637 1491 810 1533 A.B.C.
832 1499 874 1532 et
895 1499 978 1532 tres
995 1489 1078 1531 alii.
1116 1491 1343 1544 φρεσσεύης
1364 1491 1430 1533 Μ.
1452 1503 1494 1534 et
1514 1493 1660 1550 Mosq.

187 1562 440 1615 φαρεσσεύης
459 1561 513 1602 F.
558 1561 751 1615 φρεδεύης
770 1558 884 1601 Rob.
929 1557 1157 1613 φερεσέβης
1176 1558 1282 1600 Ald.
1303 1559 1416 1602 Rob.
1462 1561 1659 1615 φερεσσέ-

185 1634 263 1682 βης
284 1630 421 1671 Turn.

243 1711 344 1755 313.
375 1698 626 1754 Φαρνοῦχος]
658 1698 722 1739 καὶ
742 1700 972 1752 φαρνοΰχος
992 1696 1165 1737 Barocc.
1188 1696 1239 1738 C.
1266 1695 1369 1738 Ald.
1399 1698 1462 1739 καὶ
1483 1701 1657 1752 φανοΰρ-

186 1783 259 1820 χος
294 1765 406 1808 Rob.
447 1771 475 1791 “
492 1767 601 1807 Tres
640 1767 843 1820 ἵππαρχοι,
884 1763 1096 1820 equitatus
1129 1763 1331 1820 praefecti,
1372 1776 1658 1808 memorantur

185 1834 409 1876 Herodoto
459 1845 501 1889 7,
551 1835 621 1886 88,
670 1848 850 1891 quorum
902 1831 1050 1874 tertius
1099 1833 1336 1887 Φαρνούχης
1382 1833 1657 1891 appellatur.''

186 1903 408 1945 STANL.

242 1971 341 2027 οἵδε]
362 1972 443 2013 οἵτε
464 1971 533 2013 Μ.
552 1980 594 2012 et
613 1979 697 2013 tres
714 1970 783 2013 alii
802 1984 898 2012 cum
922 1969 1034 2011 Rob.

242 2039 334 2083 ναὸς
356 2039 499 2097 Steph.
523 2048 563 2081 et
583 2039 705 2082 codd.
737 2038 831 2092 νηὸς
852 2039 992 2080 Turn.
1024 2039 1122 2081 νεὼς
1141 2037 1243 2080 Ald.
1267 2038 1378 2080 Rob.

239 2121 338 2164 314.
369 2108 566 2166 Χρυσεὺς]
600 2107 746 2150 Civem
778 2116 895 2149 notat
914 2122 967 2148 ex
998 2107 1102 2148 urbe
1123 2105 1303 2163 Chrysa,
1325 2107 1447 2164 cujus
1476 2109 1654 2152 nominis

182 2176 308 2218 urbes
341 2176 590 2219 exstiterunt
625 2176 782 2233 plures,
819 2175 872 2217 de
906 2174 1061 2231 quibus
1097 2190 1137 2216 ν.
1177 2174 1438 2231 Stephanum
1471 2177 1652 2234 Byzant.

182 2246 394 2288 PAUW.
454 2245 573 2287 Male
602 2243 843 2287 Brunckius
862 2249 892 2268 ‘⁶
910 2243 1125 2300 Chryseus
1149 2257 1302 2284 nomen
1331 2253 1394 2286 est
1418 2246 1651 2302 proprium.

183 2314 404 2371 Sequentis
432 2313 608 2356 nominis
632 2313 789 2371 duplex
810 2322 873 2354 est
891 2311 1028 2363 lectio,
1051 2311 1290 2359 Μάταλλος,
1313 2311 1544 2359 Μέταλλος.
1598 2315 1652 2356 In

182 2382 235 2424 B.
257 2382 483 2424 scholium:
517 2384 538 2423 ὃ
566 2371 785 2425 Μέταλλος
808 2380 953 2435 Ἀραψ
982 2380 1044 2432 ἦν,
1068 2380 1132 2421 καὶ
1162 2381 1227 2421 διὰ
1248 2383 1363 2421 τοῦτο
1394 2382 1459 2423 καὶ
1485 2382 1556 2434 τὴν
1584 2383 1653 2435 μέ.

179 2456 326 2493 λαιναν
345 2452 466 2492 ἵππον
487 2450 584 2505 εἶχε.
633 2452 817 2491 Τοιοῦτοι
836 2451 913 2502 γὰρ
934 2450 973 2490 οἰ
990 2447 1201 2501 Ἀραβικοὶ
1221 2448 1374 2489 ἵπποι.”

238 2517 474 2573 Μάταλλος]
496 2517 712 2561 Μάτταλος
732 2515 838 2558 Ald.
874 2515 1092 2559 Μέταλλος
1113 2516 1220 2557 B.C.
1243 2515 1356 2557 Rob.
1380 2517 1521 2558 Turn.
1559 2518 1652 2561 Μά-

179 2590 330 2630 ταλλος
351 2585 515 2642 steph„
536 2584 754 2627 scholiasta
772 2593 814 2626 et
833 2583 953 2626 codd.
974 2583 1178 2640 plerique.

235 2653 536 2709 μυριόνταρχος]
577 2651 856 2709 Myriarchas‚
896 2650 971 2708 qui
1011 2651 1153 2692 decem
1200 2649 1386 2693 millibus
1431 2651 1649 2696 hominum

179 2730 419 2778 praeessent,
439 2722 483 2762 in
503 2721 687 2763 exercitu
708 2721 929 2762 Persarum
958 2718 1204 2760 constitutos
1233 2718 1361 2760 fuisse
1390 2731 1531 2762 monet
1559 2723 1650 2764 He-

178 2787 353 2830 rodotus
373 2799 414 2843 7,
436 2789 507 2830 81.
531 2789 610 2831 Καὶ
628 2788 840 2844 χιλιάρχας
858 2804 903 2829 τε
929 2787 993 2828 καὶ
1012 2786 1230 2841 μυριάρχας
1251 2786 1530 2839 ἀποδέξαντες·
1561 2791 1649 2833 ἑκα-

178 2856 399 2911 τοντάρχας
418 2874 462 2899 τε
482 2857 546 2898 καὶ
566 2856 758 2911 δεκάρχας
778 2857 816 2897 οἱ
834 2854 1058 2909 μυριάρχαι.
1093 2855 1320 2896 STANL.

235 2926 332 2981 316.
364 2925 518 2978 πυρσὴν
539 2925 764 2966 Porsonus.
810 2925 937 2977 πυρὰν
957 2931 1158 2979 quattuor
1189 2921 1316 2964 codd.
1342 2930 1384 2964 et
1403 2922 1507 2965 Ald.
1530 2924 1643 2967 Rob.

177 2995 328 3048 πυρρὰν
347 2992 496 3050 reliqui
516 3001 558 3035 et
579 2993 717 3035 Turn.
