1898 3256
708 217 799 259 AD
833 215 1084 258 PERSAS.
1545 210 1632 255 813

164 336 205 388 8,
228 348 268 384 2,
285 347 333 376 11
346 342 376 376 ³.
399 334 434 376 εἰ
453 333 498 376 δέ
517 349 574 378 τις
593 334 717 375 οἴεται
737 330 809 373 ἕνα
829 328 986 384 αἱρετὸν
1005 327 1106 371 εἶναι
1126 326 1341 382 ὀφθαλμὸν
1359 327 1540 379 βασιλεῖ,
1561 323 1632 366 οὔκ

161 405 285 457 ὀρθῶς
304 403 439 444 olea-ac
471 401 592 454 ὀλίγα
611 401 688 453 γὰρ
709 399 765 443 εἷς
785 398 836 440 ἂν
855 399 931 440 ἴδοι
953 396 1016 438 καὶ
1033 396 1089 440 εἷς
1105 396 1302 438 ἀκούσειε·
1332 408 1433 436 mox
1449 391 1632 449 subjicit,

161 473 261 514 οὕτω
281 471 324 513 δὲ
343 471 479 512 πολλὰ
496 469 572 521 μὲν
589 466 797 521 βασιλέως
816 464 909 514 ὦτα,
931 464 1078 507 πολλοὶ
1100 465 1144 505 δὲ
1165 462 1368 517 ὀφθαλμοὶ
1396 462 1630 513 νομίζονται·

162 539 228 582 καὶ
255 540 478 592 φοβοῦνται
503 538 712 589 πανταχοῦ
739 533 878 588 λέγειν
907 535 958 575 τὰ
985 533 1038 585 μὴ
1068 533 1257 585 σύμφορα
1285 534 1466 583 βασιλεῖ,
1498 529 1634 582 ὥσπερ

162 607 281 649 αὐτοῦ
301 606 523 653 ἀκούοντος,
546 605 611 646 καὶ
629 607 759 646 ποιεῖν
779 603 804 645 ἃ
823 602 876 654 μὴ
897 601 1096 654 σύμφορα,
1121 600 1255 651 ὥσπερ
1277 597 1395 639 αὐτοῦ
1423 595 1631 649 παρόντος.

164 676 233 716 Ita
254 683 295 715 et
316 673 532 715 Lucianus
552 671 605 714 de
626 669 813 713 mercede
832 667 1027 711 conduct.
1049 682 1085 709 c.
1110 679 1176 722 29.
1198 664 1279 707 ebra
1298 667 1374 718 γὰρ
1397 664 1460 705 καὶ
1481 665 1634 717 ὀφθαλ-

162 742 229 794 μοὶ
249 740 455 784 Βασιλέως
473 740 636 790 πολλοὶ,
659 739 704 780 οὐ
729 735 853 790 μόνον
871 737 1023 787 τάληθῆ
1051 736 1230 788 ὁρῶντες,
1253 731 1345 774 ἀλλ’
1368 733 1435 774 ἀεί
1460 748 1503 772 τε
1532 748 1632 784 προ-

164 805 474 863 επιμετροῦντες,
497 809 549 855 ὡς
575 807 628 860 μὴ
660 805 863 855 νυστάζειν
893 807 1061 846 δοκοῖεν.
1122 799 1373 844 Aristoteles
1398 798 1561 841 Politic.
1591 811 1635 853 3,

169 891 235 928 11,
265 891 305 932 9.
339 875 584 930 (scholiastae
605 872 901 931 Aristophanis
931 871 973 913 in
999 870 1175 912 Acharn.
1199 881 1271 925 92.
1302 867 1514 919 laudatus)
1550 867 1637 908 ἐπεὶ

167 946 230 988 καὶ
250 949 321 987 νῦν
341 944 575 998 ὀφθαλμοὺς
598 942 776 986 πολλοὺς
803 942 841 983 οἱ
869 939 1064 994 μόναρχοι
1094 940 1278 980 ποιοῦσιν
1308 936 1450 978 αὐτῶν.
1512 933 1637 986 Quod

166 1013 288 1055 etiam
320 1012 378 1054 ait
401 1011 512 1053 viros
540 1011 619 1053 hoc
649 1009 783 1052 officio
812 1008 979 1051 functos
1008 1022 1156 1064 graves
1185 1021 1268 1047 non
1295 1004 1423 1046 fuisse
1450 1004 1520 1046 sed
1547 1002 1637 1045 vul-

165 1094 301 1136 ἕπεο,
341 1093 509 1120 rursum
541 1078 670 1120 falsus
709 1086 770 1120 est
805 1076 904 1118 Dio.
965 1074 1182 1131 Alpistum
1223 1073 1383 1115 Xerxis
1423 1071 1638 1126 ὀφθαλμὸν

166 1147 311 1189 πιστὸν
331 1155 451 1188 vocat
471 1145 702 1203 AEschylus
729 1153 882 1195 noster,
902 1158 985 1185 non
1016 1142 1148 1184 otioso
1176 1141 1385 1198 epitheto:
1418 1140 1497 1181 hoc
1527 1139 1637 1181 enim

168 1214 291 1257 titulo
317 1214 500 1271 insigniti
526 1223 643 1255 erant
673 1227 862 1270 proceres
881 1211 1052 1262 Persici,
1073 1210 1188 1267 quod
1211 1209 1277 1251 vel
1307 1224 1359 1251 ex
1388 1208 1466 1250 hac
1495 1207 1640 1249 fabula

168 1283 266 1340 plus
303 1281 427 1324 semel
466 1281 711 1323 discendum
755 1289 831 1322 est.
905 1279 1071 1321 Adhaec
1110 1278 1306 1320 videntur
1344 1277 1482 1319 πιστοί
1523 1275 1640 1332 apud

170 1352 317 1392 Persas
335 1349 536 1391 Eunuchi
560 1348 746 1406 quidam,
767 1348 855 1404 regi
879 1355 1051 1405 propter
1070 1346 1195 1388 fidem
1226 1361 1390 1388 summo
1418 1345 1461 1386 in
1491 1344 1638 1402 pretio.

169 1420 340 1462 Etenim
379 1419 488 1471 παρὰ
525 1421 631 1459 τοῖσι
673 1416 921 1471 βαρβάροισι
964 1416 1117 1473 (inquit
1155 1415 1401 1457 Herodotus
1442 1415 1482 1464 8,
1523 1416 1637 1468 105.)

170 1487 392 1540 τιμιώτεροί
413 1487 515 1527 εἰσιν
535 1486 574 1526 οἱ
593 1485 790 1538 Εὗνοῦχοι
819 1486 974 1528 πίστιος
1004 1485 1136 1526 εἵνεκα
1165 1486 1233 1535 τῆς
1262 1482 1394 1534 πάσης
1423 1486 1501 1524 τῶν
1532 1483 1640 1535 ἐνορ-

171 1555 290 1609 χέων.
325 1553 451 1605 Quod
470 1568 568 1594 vero
589 1553 691 1594 tales
709 1551 865 1594 fuerint
885 1552 1087 1606 ὀφθαλμοὶ
1107 1550 1313 1604 βασιλέως
1330 1551 1383 1592 ab
1404 1549 1640 1591 Heliodoro

172 1622 324 1664 diserte
352 1621 565 1679 proditum
597 1629 659 1662 est
689 1620 920 1677 AEthiopic.
951 1620 988 1662 8.
1017 1636 1058 1677 p.
1083 1628 1183 1675 405.
1215 1623 1387 1672 Περσῶν
1415 1620 1492 1672 γὰρ
1521 1622 1642 1670 βασι-

173 1694 301 1736 λείαις
321 1693 461 1736 αὐλαῖς
481 1691 685 1745 ὀφθαλμοὶ
709 1691 773 1732 καὶ
790 1689 918 1737 ἀκοαὶ,
941 1688 986 1730 τὸ
1009 1688 1209 1742 εὐνούχων
1238 1687 1367 1741 γένος.
1400 1687 1445 1728 οὐ
1475 1688 1639 1735 παίδων,

173 1761 220 1803 οὗ
241 1761 490 1815 συγγενείας,
511 1759 556 1801 τὸ
576 1758 719 1801 πιστὸν
739 1760 807 1810 τῆς
827 1757 980 1801 εὐνοίας
1004 1756 1280 1809 μετασπώσης,
1303 1756 1413 1797 ἀλλὰ
1431 1754 1555 1807 μόνου
1575 1758 1644 1796 τοῦ

173 1830 460 1873 πιστεύσαντος
480 1828 722 1881 ἆναρτῶσης.
782 1825 1011 1868 Enimvero
1040 1823 1152 1881 regis
1180 1823 1290 1865 oculi
1319 1823 1427 1864 inter
1458 1831 1643 1879 satrapas

174 1897 293 1954 regni
322 1895 478 1938 Persici
508 1906 791 1937 numerantur.
855 1893 1101 1936 Scholiastes
1130 1892 1184 1934 ad
1213 1891 1319 1932 illud
1346 1890 1643 1948 Aristophanis

175 1965 218 2007 in
239 1964 425 2007 Acharn.
447 1977 516 2020 91.
549 1964 612 2005 καὶ
642 1966 713 2004 νῦν
741 1963 905 2016 ἄγοντες
933 1962 1079 2014 ἥκομεν
1105 1958 1392 2013 Ψευδαρτάβαν
1411 1958 1496 2000 Τὸν
1524 1963 1644 2010 βασι-

175 2033 278 2078 λέως
312 2031 696 2087 ὀφθαλμόν-οὕτω
730 2029 912 2078 ἐκάλουν,
946 2029 1095 2086 inquit,
1131 2028 1221 2071 τοὺς
1253 2026 1471 2081 σατράπας,
1507 2025 1553 2067 δι’
1589 2027 1645 2068 ὧν

177 2100 307 2143 πάντα
326 2103 348 2142 ὁ
368 2101 563 2154 βασιλεὺς
585 2098 810 2147 ἐπεσκόπει,
833 2113 958 2155 quem
987 2096 1239 2153 exscriptum
1269 2110 1382 2137 more
1411 2110 1487 2136 suo
1517 2093 1645 2135 tradit

179 2168 332 2212 Suidas
351 2168 393 2210 in
415 2169 628 2223 ὀφθαλμὸςγ
642 2167 859 2221 βασιλέως.
892 2166 959 2208 Sic
979 2174 1021 2207 et
1041 2164 1320 2207 Philostratus
1339 2163 1382 2204 in
1402 2162 1487 2205 vita
1507 2162 1643 2218 Apol-

178 2236 278 2279 lonii
307 2236 378 2279 lib.
402 2250 438 2277 Ι.
470 2238 532 2293 (p.
557 2237 624 2279 26.
653 2236 813 2290 Olear.)
847 2233 1047 2288 σατράπης
1076 2235 1120 2276 δὲ
1148 2234 1195 2290 τῇ
1226 2233 1379 2286 φρουρᾷ
1408 2231 1528 2287 ταύτῃ
1560 2228 1643 2271 ἐτέ-

179 2322 310 2356 τακτο,
343 2304 548 2357 βασιλέως
581 2321 638 2348 τις
671 2304 779 2357 οἶμαι
808 2301 1031 2357 ὀφθαλμός.
1070 2303 1241 2344 STANL.
1302 2299 1388 2341 Dio
1424 2298 1642 2356 Chrysost.

185 2386 220 2413 Ι.
243 2388 284 2428 p.
306 2383 379 2427 54.
400 2371 465 2412 ed.
488 2370 632 2412 Reisk.
655 2370 829 2414 ὁπόσους
849 2372 899 2412 ἄν
919 2387 976 2414 τις
995 2369 1018 2422 ᾗ
1040 2368 1271 2422 κεκτημένος
1291 2368 1480 2421 ἑταίρους,
1503 2367 1644 2409 τοσού-

180 2456 262 2483 τοις
287 2441 362 2492 μὲν
381 2441 621 2492 ὀφθαλμοῖς,
643 2439 669 2480 ἃ
697 2439 901 2491 βούλεται,
923 2440 1010 2492 ὁρᾷ,
1033 2438 1243 2480 τοσαύταις
1273 2437 1316 2477 δὲ
1345 2436 1491 2484 ἀκοαῖς,
1515 2436 1540 2476 ἃ
1570 2438 1643 2483 δεῖ,

180 2508 323 2550 ἀκούει.
357 2507 589 2548 BLOMF.

238 2576 336 2630 981.
366 2573 620 2627 πεμπαστάν]
655 2574 739 2622 Qui
768 2579 976 2616 numerat.
1007 2574 1182 2615 Homer.
1205 2572 1358 2629 Odyss.
1382 2576 1432 2613 Δ.
1451 2583 1552 2624 412.
1579 2571 1646 2613 αὖ·

181 2645 254 2697 τᾶρ
288 2642 387 2694 ἐπὴν
416 2640 550 2686 πάσας
578 2640 870 2694 πεμπάσσεται,
901 2641 970 2693 ἠδὲ
1006 2642 1170 2693 Ὲίδηται,
1202 2640 1256 2681 de
1292 2641 1459 2691 Proteo,
1490 2639 1646 2696 phocas

181 2721 465 2752 numeratum.
498 2709 636 2752 Schol.
663 2711 761 2750 κατὰ
792 2708 911 2750 πέντε
941 2708 1161 2762 ἀριθμήσει.
1182 2707 1369 2764 Etymol.
1392 2708 1458 2748 M.
1480 2722 1522 2763 p.
1545 2707 1644 2758 660,

181 2791 226 2834 3.
256 2776 546 2831 πεμπάσσεται.
578 2777 656 2819 ἀπὸ
685 2781 754 2818 τοῦ
781 2775 980 2830 πεμπάζω·
1007 2778 1051 2830 (l.
1073 2776 1151 2818 ἀπὸ
1171 2779 1240 2818 τοῦ
1259 2774 1487 2829 πεμπάζειν,
1509 2774 1548 2829 ὃ)
1573 2791 1645 2827 ση-

224 2898 244 2917 a
265 2891 391 2923 Verum
412 2891 457 2922 ibi
480 2890 663 2931 Xenophon
685 2890 788 2931 magis
810 2890 887 2931 quid
906 2890 1020 2922 melius
1035 2890 1083 2929 fit,
1100 2899 1197 2930 quam
1211 2888 1289 2929 quid
1303 2886 1373 2919 fieri
1388 2886 1487 2918 soleat
1500 2885 1646 2927 exponit,

182 2945 375 2986 omninoque
389 2945 491 2987 magis
505 2944 657 2976 monendi
671 2943 828 2985 principes
842 2953 947 2982 causa,
964 2954 1062 2986 quam
1083 2944 1125 2975 ad
1145 2942 1286 2975 historiae
1299 2941 1468 2974 veritatem
1483 2940 1647 2983 disputare
1715 2973 1718 2977 ,

183 2998 321 3032 videtur.
345 2999 431 3033 SCH
438 3021 445 3029 .

884 3066 910 3092 R
932 3067 952 3092 Γ
