1898 3256
327 222 412 263 204
798 226 1292 268 ANNOTATIONES

387 333 480 384 766.
503 333 664 388 τέλειαι]
685 333 819 375 τέλεια
839 335 890 375 B.
907 336 1041 375 Turn.
1062 328 1197 375 τέλειῗί
1215 335 1279 374 Μ.
1300 349 1392 375 cum
1415 334 1566 375 scholio
1584 335 1763 376 absurdo

329 397 372 437 τὸ
392 397 525 439 τέλεια
543 400 628 440 ἀντὶ
648 404 715 440 τοῦ
735 400 894 441 τέλειαι·
926 402 1050 453 ὑφῆκε
1070 402 1111 441 δὲ
1131 401 1174 442 τὸ
1197 418 1208 442 ι
1229 403 1290 441 διὰ
1309 401 1352 441 τὸ
1373 401 1525 454 μέτρον.

385 466 628 517 παλαίφατοι
657 467 779 521 ἀραὶ,]
809 467 963 508 Hiatus
991 467 1170 508 vitiosus.
1201 467 1460 520 παλαιφάτων
1486 468 1573 519 ἀραὶ
1594 468 1656 508 M.
1680 469 1760 508 Ba-

328 545 432 571 rocc.
456 531 554 572 Ald.
576 533 686 573 unde
712 533 971 586 παλαιφάτων
995 535 1092 585 ἆρᾶν
1118 539 1275 586 βαρεῖαι
1306 535 1551 586 καταλλαγαὶ
1570 535 1761 589 Engerus

327 596 379 636 de
400 598 623 654 AEschyliis
642 600 1024 655 antistrophicorum
1045 600 1375 656 responsionibus
1395 615 1437 655 p.
1461 610 1523 651 17.

385 666 477 717 768.
508 666 708 720 πελόμεν’]
731 666 849 707 Libri
875 666 1059 722 plerique
1087 665 1303 718 τελλόμεν’,
1326 681 1419 720 quae
1440 665 1607 719 vulgata
1635 666 1759 722 scrip-

326 739 419 771 tura
448 741 519 781 est,
551 733 615 772 vel
644 734 833 783 τελόμεν’,
863 732 984 788 pauci
1014 731 1227 784 τελούμεν’.
1259 734 1425 783 τελόμεν
1445 731 1546 772 Ald.
1604 732 1760 787 Recepi

324 796 521 848 πελόμεν’,
543 797 655 852 quod
675 798 716 838 in
738 799 932 840 Cantabr.
957 799 1135 839 secundo
1155 798 1490 854 superscriptum.

382 864 475 917 769.
496 865 753 916 πρόπρυμνος,
776 865 883 905 Ante
908 867 1098 921 puppim.
1128 864 1372 918 πρόπρυμνος
1402 865 1564 917 ἐκβολὴ,
1579 866 1757 920 jactum

323 943 415 984 quae
433 943 460 969 a
485 933 622 986 puppi
633 932 709 985 fit.
771 931 931 972 Scilicet
951 947 1048 986 opes
1067 947 1089 972 e
1107 931 1238 987 puppi
1257 931 1586 987 projiciebantur.
1648 933 1759 971 Bene

323 996 494 1038 contulit
527 997 729 1038 Stanleius
758 999 856 1039 Act.
887 1000 1034 1053 Apost.
1065 1008 1132 1051 27,
1155 999 1215 1038 18.
1276 999 1369 1038 Non
1401 997 1572 1038 contulit
1602 998 1754 1052 Agam.

328 1076 447 1104 1010.
471 1065 547 1105 Καὶ
567 1065 610 1104 τὸ
629 1066 702 1116 μὲν
722 1064 795 1117 πρὸ
815 1065 1022 1117 χρημάτων
1044 1065 1222 1115 Κτησίων
1243 1065 1354 1107 ὄκνος
1372 1065 1511 1115 βαλὼν
1531 1062 1758 1116 Σφενδόνας

323 1129 387 1170 ἄπ’
423 1130 618 1183 εὐμέτρου,
659 1131 742 1172 Οὐκ
781 1131 845 1172 ἔδυ
883 1130 1032 1183 πρόπας
1069 1129 1335 1183 γάμος-Οὐδ’
1373 1129 1553 1171 ἐπόντισε
1592 1130 1757 1183 σκάφος.

325 1197 554 1238 BLOMF.
605 1196 858 1250 πρόπρυμναν
896 1198 998 1239 Ald.
1038 1198 1147 1239 Rob.
1198 1196 1446 1250 πρόπρυμυον
1485 1199 1622 1239 Turn.
1664 1196 1757 1249 πρό-

322 1260 496 1321 πρυμνοον
518 1270 567 1310 C.
1500 1295 1503 1297 >

380 1336 572 1391 ἐκβολὰν]
596 1337 775 1387 ἐκβολῶν
796 1337 860 1378 Μ.
883 1351 907 1377 a
927 1352 987 1392 pr.
1011 1352 1065 1377 m.

379 1413 474 1456 770.
506 1412 599 1456 771.
630 1402 671 1442 in
703 1417 829 1443 unum
862 1403 1138 1459 conjungendi
1167 1417 1326 1444 versum
1358 1411 1398 1443 et
1428 1401 1469 1442 in
1500 1401 1755 1457 antistropho

322 1471 418 1522 776.
443 1480 538 1523 777.
598 1470 748 1510 Versus
769 1479 829 1510 est
849 1470 1109 1512 dochmiacus
1128 1485 1221 1511 cum
1243 1468 1423 1510 clausula
1441 1468 1725 1509 choriambica.

379 1545 473 1589 770.
505 1538 714 1589 ἀλφηστᾶν
743 1538 810 1578 Μ.
840 1538 1055 1590 ἆλφηστῶν
1083 1537 1176 1578 edd.
1207 1546 1300 1578 ante
1328 1535 1597 1577 Brunckium.
1629 1538 1755 1589 ἀλφη-

322 1602 452 1643 στάων
472 1603 578 1644 B.E.
599 1612 639 1644 et
661 1603 835 1644 Vindob.
856 1604 951 1644 duo.

375 1670 590 1722 ἀλφηστῆς,
612 1671 824 1711 Inventor.
855 1670 936 1720 Qui
957 1670 1032 1711 sibi
1051 1670 1152 1725 quid
1178 1671 1379 1711 lucratur.
1439 1668 1624 1724 Hesych.
1655 1668 1749 1709 Ἀλ-

319 1738 476 1789 φησταί.
509 1738 700 1787 ἆμειπταί.
730 1737 994 1794 Ἀλφηστῇσι,
1023 1742 1103 1780 τοῖς
1133 1738 1350 1789 εὑρετικοῖς.
1387 1736 1523 1789 ἆλφέω
1553 1745 1613 1777 est
1641 1737 1755 1776 inve-

318 1804 403 1854 nio,
422 1804 649 1844 nanciscor.
680 1804 792 1844 unde
817 1803 1020 1856 τιμαλφέω
1041 1805 1220 1844 Eumen.
1245 1816 1306 1857 15.
1329 1805 1424 1857 623.
1484 1804 1575 1843 Vox
1606 1802 1754 1857 saepius

317 1869 493 1910 occurrit
521 1869 562 1910 in
593 1870 800 1926 Odyssea:
835 1870 1008 1911 Hesiod.
1041 1871 1156 1911 Sout.
1182 1882 1247 1923 29.
1276 1871 1355 1925 Op.
1380 1870 1444 1910 82.
1474 1869 1635 1924 Theog.
1654 1879 1751 1923 512.

319 1937 512 1977 Eustath.
533 1937 575 1977 in
598 1937 717 1978 Iliad.
739 1942 783 1980 Σ.
804 1952 899 1993 pag.
918 1938 1038 1987 1166,
1059 1950 1128 1991 45.
1153 1934 1451 1988 Ἀπολλόδωρος
1470 1936 1558 1978 τοὺς
1578 1937 1752 1988 ἀκρατεῖς

318 2004 380 2044 καὶ
400 2009 641 2057 καταφερεῖς,
664 2005 867 2056 ἀλφηστὰς
886 2004 1006 2051 εἶπεν,
1030 2005 1074 2044 ἐν
1093 2006 1157 2058 τῷ,
1178 2002 1506 2055 Καταπυγοτέραν
1523 2004 1747 2054 ἀλφηστῶν.

322 2072 471 2111 Verum
492 2071 569 2112 hoc
589 2086 670 2112 non
691 2080 751 2112 est
771 2071 1031 2127 Apollodori,
1053 2070 1122 2111 sed
1146 2069 1369 2125 Sophronis
1388 2068 1657 2124 mimographi
1681 2083 1749 2123 ap.

317 2136 500 2192 Etymol.
517 2138 558 2177 in
574 2152 683 2187 voce,
697 2137 749 2178 de
765 2153 848 2192 quo
863 2137 1144 2193 Apollodorus
1158 2136 1306 2177 librum
1323 2134 1569 2190 conscripsit.
1601 2136 1752 2174 Eusta-

316 2203 427 2244 thius
447 2218 543 2244 vero
569 2218 642 2244 sua
667 2203 803 2244 hausit
822 2218 874 2244 ex
895 2203 1101 2244 Athenaeo
1122 2213 1160 2255 7.
1181 2217 1223 2257 p.
1246 2203 1337 2244 281.
1361 2202 1412 2242 F.
1445 2201 1515 2242 ubi
1546 2210 1651 2241 recte
1680 2202 1751 2241 ἆλ-

316 2273 488 2322 φηστᾶν,
521 2270 747 2310 BLOMF.

373 2347 466 2389 772.
487 2335 661 2393 τοσόνδ’]
684 2335 804 2377 τόσον
824 2335 933 2376 Rob.

372 2412 467 2456 773.
491 2402 701 2453 ξυνέστιος,
727 2403 808 2451 Qui
827 2402 901 2443 sub
920 2402 1065 2442 iisdem
1090 2401 1249 2442 laribus
1278 2401 1394 2441 vivit.
1454 2399 1644 2455 Intellige
1673 2415 1749 2441 au·

315 2479 411 2519 tem,
433 2471 550 2511 urbis
573 2471 720 2511 incolae
745 2476 783 2510 et
810 2483 926 2511 omne
955 2470 1189 2510 mortalium
1212 2482 1362 2525 genus.
1424 2468 1519 2508 Hoc
1548 2476 1608 2508 est
1636 2467 1749 2522 quod

314 2536 413 2577 dicit
443 2536 647 2577 Pindarus
676 2536 740 2578 Ol.
770 2546 809 2589 7,
835 2537 928 2588 164.
961 2537 1057 2576 δίδοι
1088 2535 1131 2576 δέ
1162 2537 1199 2576 οἱ
1230 2537 1381 2576 αἰδοίαν
1408 2534 1536 2588 χάριν,
1568 2535 1630 2575 καὶ
1662 2533 1747 2575 ποτ’

313 2604 457 2650 ἀστῶν,
481 2603 543 2643 καὶ
560 2603 648 2644 ποτὶ
667 2604 818 2653 ξείνων.
851 2602 1079 2642 BLOMF.

373 2679 466 2722 774.
489 2667 648 2723 πόλεος]
676 2668 939 2709 Scribebatur
958 2666 1121 2710 πόλεως.

373 2735 410 2790 ὁ]
433 2734 603 2775 Aberat.

366 2802 600 2852 πολύβοτος,
626 2802 708 2848 Qui
725 2802 874 2841 multos
893 2800 981 2840 alit.
1033 2800 1226 2841 Cratinus
1245 2799 1355 2855 apud
1379 2799 1592 2856 Hephaest.
1614 2815 1655 2855 p.
1680 2800 1744 2854 89.

312 2868 378 2908 ed.
402 2867 530 2908 Gaisf.
552 2868 785 2918 πολύβωτον
805 2865 988 2919 Σέριφον.
1026 2866 1198 2907 Homeri
1218 2871 1460 2918 πολυβοῦται
1480 2875 1576 2908 sunt
1596 2867 1745 2907 dim'tes
