1898 3256
352 234 440 276 AD
473 235 727 278 SEPTEM
757 235 1086 278 ADVERSUS
1119 235 1389 276 THEBAS.
1519 234 1604 276 227

147 344 247 386 nihil
278 345 540 398 addubitare,
561 347 663 404 quin
693 346 761 389 hic
779 361 935 397 versus,
961 361 987 387 a
1011 345 1162 387 lectore
1192 345 1375 401 quodam
1406 344 1605 400 diligente

147 413 200 454 ad
221 428 340 455 voces
358 414 410 466 μὴ
429 416 665 468 μακρηγόρει
683 415 726 456 in
745 414 930 471 margine
949 412 1194 469 adscriptus,
1215 423 1360 470 postea
1378 413 1420 454 in
1443 422 1604 454 textum

149 481 367 537 irrepserit.
428 483 508 524 Est
547 482 739 523 nimirum
781 483 918 536 στίχος
954 482 1228 535 παροιμιώδης,
1262 482 1331 523 cui
1363 480 1504 522 similis
1538 480 1607 521 ille

149 549 262 604 apud
287 549 404 592 Suid.
428 549 540 603 Ἔρις
564 549 595 591 δ’
618 551 703 603 ἔριν
725 552 911 592 τίκτουσα
939 552 1188 603 προσμνᾶται
1217 550 1357 603 λόγον.
1418 548 1543 593 Quod
1576 548 1609 589 si

150 617 318 659 omnino
338 618 576 660 retinendus
597 618 662 669 sit,
683 619 807 660 choro
830 618 970 675 potius
993 633 1119 674 quam
1138 618 1366 674 Antigonae
1383 617 1607 666 tribuatur,

154 695 200 727 ut
229 687 447 739 contentio,
470 703 546 744 pro
577 702 689 729 more
710 687 977 744 tragicorum,
1000 687 1172 743 singulis
1195 686 1380 728 versibus
1398 685 1608 743 procedat.

156 755 386 796 BLOMF.

217 836 337 878 1053.
358 821 453 878 ἴσθ’]
475 822 563 875 ἦσθ’
584 822 742 879 aliquot
762 822 882 864 codd.
904 833 945 864 et
967 824 1077 864 Rob.

215 900 337 944 1054.
358 891 470 945 XO.]
495 890 765 932 Hemichorio
784 891 931 932 tribuit
950 890 1052 932 Ald.

212 958 502 1014 φθερσιγενεῖς]
524 962 770 1012 θαρσιγενεῖς
791 959 901 1000 Rob.

218 1038 339 1081 1055.
361 1027 536 1079 Ἐρινύες
556 1028 622 1069 M.
652 1027 852 1081 Ἐριννύες
871 1027 1012 1085 vulgo.

219 1096 339 1148 1056.
370 1095 608 1150 πρυμνόθεν]
629 1095 850 1148 πρέμνοθεν
870 1111 920 1136 ex
950 1097 1046 1137 MS.
1077 1095 1256 1137 correxit
1284 1096 1341 1136 Is.
1368 1094 1534 1135 Vossius
1562 1093 1614 1134 ad

160 1161 345 1217 Hesych.
369 1176 435 1202 VV.
462 1162 740 1215 αὐτόπρεμνος.
772 1164 982 1215 πρύμναδε.
1011 1163 1160 1205 merito
1184 1163 1388 1219 probante
1408 1160 1616 1211 Albertio‚

158 1228 233 1283 qui
265 1228 364 1270 citat
398 1229 668 1283 αὐτόπρεμνον
696 1246 747 1271 ex
779 1231 960 1273 Eumen.
989 1244 1087 1282 404.
1122 1229 1312 1286 Sophocl.
1345 1229 1494 1286 Antig.
1522 1240 1618 1283 714.

160 1295 323 1337 Eadem
350 1296 511 1338 medela
534 1297 694 1354 indiget
714 1297 966 1354 Apollonius
986 1297 1182 1339 Rhodius
1200 1311 1243 1350 4,
1263 1298 1388 1352 1658.
1419 1296 1473 1337 de
1498 1295 1618 1352 pinu,

159 1365 325 1417 ὕστερον
351 1365 444 1406 αὖτε
464 1366 699 1418 Πρυμνόθεν
726 1367 936 1420 ἐξεαγεῖσα
963 1365 1183 1419 κατήριπεν.
1216 1366 1451 1407 BLOMF.
1515 1363 1621 1405 Scri-

160 1431 344 1473 bendum
365 1431 598 1485 πρέμνοθεν.
661 1433 756 1474 Vid.
780 1433 831 1474 ad
854 1449 890 1475 v.
917 1446 982 1488 71.

225 1510 347 1555 1057.
387 1501 566 1542 Ismenae
602 1516 775 1556 persona
806 1502 1049 1558 praescripta
1082 1501 1125 1542 in
1158 1502 1272 1543 A.B.
1309 1502 1482 1542 Bai-occ.
1519 1500 1621 1541 Ald.

166 1569 319 1618 Turn„
351 1568 579 1624 Antigonae
609 1568 652 1608 in
687 1568 800 1610 Rob.
837 1570 980 1626 steph.
1042 1569 1184 1611 Choro
1222 1579 1329 1611 recte
1368 1567 1625 1610 continuavit

167 1636 425 1678 Schuetzius.

225 1705 266 1745 τί
282 1706 324 1745 δὲ
347 1703 438 1759 δρῶ]
460 1706 500 1745 τί
516 1703 547 1745 δ’
571 1705 645 1757 ἐρῶ
666 1705 733 1745 Μ.

225 1771 423 1826 μήσωμαι]
443 1771 618 1823 μήσομαι
637 1771 795 1828 aliquot
814 1772 934 1813 codd.

230 1840 353 1894 1058.
374 1839 469 1894 πῶς]
491 1843 572 1882 πῶς
591 1843 672 1883 πῶς
691 1849 773 1881 tres
792 1839 913 1882 codd.
936 1850 978 1881 et
998 1839 1100 1880 Ald.
1122 1841 1259 1880 Turn.

227 1906 340 1962 μήτε]
360 1906 509 1959 μήποτε
527 1907 686 1963 aliquot
706 1907 823 1949 codd.
847 1918 888 1950 et
909 1907 1010 1948 Ald.
1035 1908 1173 1948 Turn.
1204 1906 1256 1959 μή
1278 1907 1387 1948 Rob.

230 1976 280 2015 σὲ
298 1989 380 2016 om.
403 1975 542 2016 Turn.

232 2042 399 2097 κλαίειν]
432 2042 703 2084 scribendum
737 2042 948 2102 edxo‘tetv'ex
970 2044 1027 2084 A.
1049 2042 1153 2084 Ald.
1175 2041 1285 2082 Rob.
1309 2043 1448 2082 Turn.
1481 2042 1633 2082 κλαίειν

177 2114 256 2165 (γρ.
278 2109 430 2165 κλᾴειν)
455 2111 503 2151 Β.

231 2178 328 2231 μήτε
353 2178 411 2234 π.]
441 2178 592 2230 μήποτέ
622 2195 670 2220 σε
699 2195 740 2219 π.
774 2179 943 2220 Barocc.
967 2178 1071 2219 Ald.
1103 2177 1213 2219 Rob.
1248 2178 1384 2218 Turn.
1415 2177 1565 2229 μήποτε
1593 2194 1633 2218 π.

174 2246 333 2303 aliquot
351 2246 522 2287 codices.

238 2326 358 2370 1059.
390 2314 542 2369 τύμβῳ]
574 2314 746 2355 Praestat
776 2314 941 2365 τύμβον,
963 2313 1078 2369 quod
1107 2323 1169 2354 est
1198 2313 1240 2354 in
1262 2314 1320 2354 A.
1341 2312 1513 2369 aliisque
1534 2327 1635 2353 non-

178 2382 302 2423 nullis
322 2390 364 2423 et
382 2396 460 2437 pro
478 2396 564 2422 var.
586 2381 675 2422 lect.
697 2380 739 2421 in
761 2382 814 2421 Β.

243 2452 364 2491 1062.
386 2450 438 2489 In
460 2448 573 2489 libris
592 2448 799 2504 adscripta
818 2448 1057 2490 hemichorii
1080 2463 1264 2505 persona.
1306 2447 1473 2489 Delevit
1498 2446 1638 2487 Blom-

182 2517 342 2558 fleldus.

246 2584 364 2638 1063.
386 2582 531 2637 τεύξει]
554 2584 666 2633 τεύξῃ
686 2581 791 2623 libri.

245 2652 368 2702 1064.
387 2651 676 2704 μονόκλαυτον]
699 2650 998 2701 μονόκλαυστον
1017 2649 1175 2706 aliquot
1196 2650 1318 2691 codd.

243 2720 346 2773 ἔχων
366 2719 525 2773 θρῆνον]
552 2720 695 2770 θρῆνον
716 2717 821 2771 ἔχων
839 2716 999 2772 aliquot
1019 2717 1138 2758 codd.
1160 2727 1202 2758 et
1223 2717 1324 2758 Ald.
1351 2717 1462 2757 Rob.

247 2789 368 2841 1065.
390 2785 483 2840 εἶσι]
506 2784 625 2826 Libri
645 2784 796 2840 partim
817 2783 872 2825 sic
892 2784 1042 2840 partim
1065 2784 1178 2826 εἶσιν.

243 2855 300 2896 τίς
331 2853 380 2894 ἂν
403 2853 542 2906 ταῦτα]
580 2851 646 2893 Sic
678 2852 887 2892 Porsonus
918 2851 1096 2892 correxit
1126 2851 1324 2893 librorum
1355 2851 1457 2892 vitia
1485 2868 1541 2894 τις
1573 2851 1644 2890 οὖν

187 2925 321 2967 ταῦτα,
348 2920 479 2975 (quod
509 2929 569 2960 est
596 2919 636 2959 in
659 2917 761 2959 Ald.
784 2918 933 2970 Rob.),
953 2921 1010 2962 τίς
1037 2919 1087 2960 ἂν
1111 2921 1182 2961 οὖν
1202 2923 1335 2968 ταῦτα,
1359 2920 1417 2963 τίς
1436 2918 1486 2960 ἂν
1506 2918 1576 2959 οὖν
1595 2919 1644 2957 τὰ

191 2988 263 3041 (sic
285 2988 456 3041 Tum),
478 2989 535 3030 τίς
555 2987 625 3028 οὖν
645 2986 694 3027 ἂν
714 2989 774 3033 τὰ,
798 2987 854 3028 τίς
875 2987 945 3027 οὖν
965 2989 1024 3033 τὰ,
1049 2988 1105 3030 τίς
1126 2987 1175 3028 ἂν
1195 2988 1277 3028 οὖν.

864 3069 888 3094 F
913 3055 933 3094 f
951 3066 972 3095 2
