1898 3256
356 230 438 270 138
821 228 1314 270 ANNOTATIONES

411 343 500 382 θεαί
526 340 575 395 τ’]
613 342 655 382 ἰὼ
682 342 772 382 θεαί
793 340 822 381 τ’
853 340 1009 396 aliquot
1037 340 1155 380 codd.
1205 341 1356 380 Versus
1385 339 1425 379 in
1458 338 1556 380 Ald.
1594 339 1648 379 sic
1671 339 1786 380 divisi

357 409 457 448 ἰὼ-
481 407 489 462 1
514 408 862 448 θεαί-ἀλεύσατε.
915 406 1184 447 Scribendum
1207 421 1290 446 uno
1309 420 1428 445 versu

525 475 568 514 ἰὼ
590 475 632 514 ἰὼ
653 474 734 514 θεοὶ
754 475 843 514 θεαί
859 472 889 512 τ’
912 474 1099 524 ὀρόμενον
1120 473 1237 512 κακόν
1258 473 1463 512 ἀλεύσατε.

356 541 507 580 Versus
526 549 586 581 est
605 539 864 580 dochmiacus
884 538 1058 579 admissa
1078 537 1117 578 in
1140 539 1219 578 fine
1239 538 1395 594 syllaba
1414 537 1602 593 ancipite.

411 607 616 660 ὀρόμενον]
643 607 855 659 ὀρρόμενον
874 605 1031 646 codices
1051 604 1219 659 aliquot.

413 674 478 714 88.
500 674 711 727 ἀλεύσατε]
735 662 922 714 ἇλεύσεατε
942 674 1024 721 Μ.,
1047 689 1072 712 α
1090 672 1143 712 ab
1162 671 1239 712 alia
1260 687 1381 712 manu
1403 671 1618 726 adscripto.

413 740 478 793 89.
509 742 589 793 βοᾷ
617 741 712 791 ὑπὲρ
741 739 905 792 τειχέων
924 741 944 779 ὁ
964 739 1177 781 λεύκασπις
1199 740 1354 791 ὄρνυται
1382 740 1480 781 λαὸς
1510 738 1692 790 εὐτρεπὴς
1715 737 1788 790 (sic

357 807 424 847 M.
445 806 595 861 aliique
614 806 799 846 nonnulli
818 816 859 847 et
875 806 984 847 Rob.
1001 822 1010 847 :
1045 805 1234 858 εὐπρεπὴς
1254 805 1393 860 vulgo)
1415 806 1477 846 ἐπὶ
1490 806 1607 846 πόλιν
1627 805 1788 858 διώκων]

356 872 600 913 Absurdum
628 882 686 912 est
712 874 808 925 ὑπὲρ
837 872 1011 926 τειχέων,
1033 887 1162 928 quum
1193 871 1394 912 exercitus
1422 871 1576 912 hostilis
1605 871 1788 912 nondum

355 938 409 979 ad
428 953 567 979 muros
597 938 709 979 urbis
737 938 979 994 pervenerit,
1001 938 1071 978 sed
1100 953 1123 978 e
1152 938 1375 993 longinquo
1405 947 1563 979 tantum
1593 938 1645 979 ab
1665 938 1789 978 choro

355 1005 639 1061 conspiciatur.
699 1006 905 1045 Praeterea
925 1004 1204 1060 proximorum
1229 1005 1444 1044 verborum
1475 1014 1648 1045 metrum
1680 1004 1790 1044 labo-

356 1080 433 1123 rat,
452 1071 503 1112 ad
525 1071 639 1126 quod
669 1070 965 1111 restituendum
996 1070 1095 1110 nihil
1126 1070 1244 1126 plane
1270 1071 1532 1111 contulerunt
1551 1070 1692 1121 critici,
1713 1070 1788 1110 nisi

356 1137 469 1194 quod
488 1138 585 1180 λαὸς
604 1153 628 1178 a
647 1137 817 1178 Pauwio
837 1146 943 1178 recte
963 1146 1023 1178 est
1048 1137 1087 1177 in
1108 1138 1208 1179 λεὼς
1228 1146 1444 1178 mutatum.
1505 1139 1670 1178 Horum
1690 1151 1792 1192 quo-

356 1218 438 1260 que
458 1204 676 1245 verborum
705 1202 946 1259 scripturam
975 1202 1194 1258 genuinam
1226 1202 1314 1244 loco
1343 1218 1467 1259 supra
1491 1204 1669 1245 indicato
1695 1219 1790 1259 pro-

356 1270 489 1326 posui,

468 1339 548 1390 βοᾷ
568 1338 664 1389 ὑπὲρ
684 1336 843 1388 τάφρων
862 1336 1126 1388 λευκοπρεπὴς
1143 1336 1243 1379 λεὼς
1263 1337 1417 1389 ὄρνυται
1437 1338 1499 1378 ἐπὶ
1518 1339 1646 1378 πόλιν.

358 1403 518 1446 sublato
536 1403 775 1459 glossemate
795 1403 952 1443 διώκων.
1005 1402 1273 1458 Adjectivum
1291 1403 1553 1455 λευκοπρεπής
1571 1404 1710 1444 lexicis
1732 1404 1792 1444 in-

358 1480 528 1512 seratur.
587 1470 694 1525 Ejus
732 1468 960 1524 explicandi
995 1483 1136 1509 caussa
1161 1468 1412 1524 adscriptum
1445 1470 1525 1510 fuit
1564 1472 1790 1517 λεύκασπις,

358 1537 468 1579 unde
487 1538 699 1580 λεύκασπις
720 1536 907 1588 εὐπρεπὴς
927 1534 990 1575 vel
1011 1535 1192 1587 εὐτρεπὴς
1212 1535 1366 1576 factum
1386 1535 1439 1576 ab
1458 1535 1622 1577 librario
1640 1545 1711 1578 est.

415 1617 484 1658 90.
504 1603 732 1657 λεύκασπις]
753 1601 976 1657 Euripides
997 1601 1197 1642 Phoeniss.
1219 1605 1337 1643 1106.

472 1671 698 1712 Λεύκασπιν
719 1671 931 1721 εἰσορῶμεν
949 1670 1140 1722 Ἀργείων
1159 1670 1339 1722 στρατόν.

361 1739 518 1782 Milites
546 1736 722 1794 gregarii
749 1736 913 1791 clypeos
941 1736 1155 1791 gestabant
1185 1736 1297 1777 nullo
1316 1736 1462 1792 insigni
1483 1736 1705 1786 decoratos,
1727 1753 1795 1778 ex-

359 1806 508 1863 politos
539 1814 673 1846 tamen
705 1812 744 1844 et
781 1802 1028 1858 splendidos,
1059 1802 1190 1857 qualis
1215 1802 1281 1843 ille
1312 1805 1424 1859 apud
1456 1803 1667 1854 Plautum,
1701 1804 1794 1844 Mil.

362 1873 478 1915 Glor.
505 1886 540 1921 1,
568 1885 603 1912 1.

476 1940 630 1980 Curate
651 1946 696 1978 ut
717 1936 908 1992 splendor
929 1952 1018 1977 meo
1038 1937 1089 1977 sit
1107 1937 1251 1993 clypeo
1270 1936 1424 1986 clarior,

475 2007 607 2055 Quam
629 2003 722 2044 solis
740 2003 842 2043 radii
861 2018 945 2043 esse
964 2003 1074 2053 olim,
1096 2018 1187 2044 cum
1213 2003 1360 2044 sudum
1382 2012 1456 2053 est,
1478 2002 1619 2044 solent.

363 2072 565 2114 Laberius
584 2070 697 2126 apud
719 2069 898 2111 Gellium
927 2082 990 2119 10,
1016 2079 1082 2121 17.

365 2160 570 2216 Clypeum
591 2157 802 2199 constituit
821 2166 960 2197 contra
980 2156 1225 2197 exorientem
1248 2157 1475 2211 [orientem]
1498 2157 1797 2212 Hyperionem,

365 2227 517 2267 Oculos
539 2233 584 2265 ut
604 2232 740 2280 posset
759 2223 934 2264 effodere
954 2222 1037 2277 [eff.
1059 2231 1106 2263 ut
1126 2222 1184 2278 p.]
1207 2222 1420 2278 splendore
1439 2238 1558 2264 aereo.
1779 2214 1782 2216 i

366 2326 471 2366 Inde
501 2334 611 2365 totus
639 2322 840 2363 exercitus
869 2322 1094 2364 λεύκασπις.
1145 2323 1294 2362 Λευκόν
1323 2322 1429 2362 enim
1459 2323 1638 2375 λαμπρόν
1667 2332 1797 2372 sonat,

365 2400 466 2433 teste
487 2389 726 2432 Callimachi
745 2389 965 2444 interprete
983 2387 1038 2428 ad
1059 2389 1219 2444 Hymn.
1241 2390 1280 2435 6,
1302 2400 1390 2443 123.
1411 2398 1451 2429 et
1473 2390 1657 2429 Homero
1678 2390 1730 2430 11.
1748 2390 1797 2438 Ξ,

370 2459 461 2513 185.

816 2511 958 2552 λευκὸν
977 2511 1007 2551 δ’
1029 2511 1076 2562 ἦν
1096 2511 1226 2562 ἠέλιος
1245 2513 1306 2554 ὥς.

368 2601 415 2632 ut
433 2599 475 2631 et
495 2588 655 2630 Latinis
682 2589 757 2628 lux
782 2587 974 2628 candida.
1035 2587 1288 2642 Hujus-modi
1317 2599 1525 2644 gestamen
1556 2587 1664 2643 plebi
1694 2587 1797 2628 mili-

368 2666 456 2701 tum
478 2655 694 2712 peculiare.
744 2654 890 2710 virgil.
914 2655 1015 2694 AEn.
1038 2667 1078 2708 9,
1098 2655 1195 2708 548.

817 2735 1040 2776 parmaque
1059 2720 1256 2776 inglorius
1275 2720 1382 2761 alba.

367 2790 445 2830 hoc
473 2799 547 2839 est,
576 2789 796 2843 interprete
827 2787 980 2838 Servio,
1002 2802 1120 2843 pura
1153 2794 1191 2829 et
1215 2788 1407 2837 candida,
1437 2801 1533 2843 qua,
1563 2787 1655 2828 licet
1684 2789 1799 2842 regis

353 2857 495 2911 filius,
518 2856 580 2896 uti
599 2855 835 2910 cogebatur,
857 2854 954 2895 dum
984 2856 1066 2894 tiro
1094 2860 1208 2903 esset,
1230 2854 1294 2894 vel
1317 2854 1440 2894 donec
1467 2861 1680 2895 strenuum
1701 2854 1801 2908 quid
