1898 3256
365 238 449 278 140
838 241 1329 282 ANNOTATIONES

425 357 516 396 104.
546 347 719 400 πάταγος
741 349 803 389 Μ.
824 347 985 403 aliique.
1034 347 1121 389 Alii
1151 348 1324 400 πάταγος
1353 347 1402 398 δ’,
1423 348 1542 403 pauci
1569 349 1745 402 πάταγον
1765 349 1796 389 δ’

365 425 456 452 cum
478 412 580 454 Ald.
602 414 736 455 Turn.
767 415 942 467 πάταγόν
961 414 992 454 τ’
1015 414 1125 455 Rob.
1148 414 1290 469 S'teph.

421 479 493 531 οὐχ
524 480 624 534 ἑνός]
657 482 693 520 Ι.
715 497 747 522 e.
770 485 941 522 πολλῶν.
974 481 1120 536 Eurip.
1144 480 1315 536 Cyclop.
1336 482 1435 536 518.
1465 482 1679 534 Στεφάνων
1697 482 1728 523 δ’
1750 484 1794 523 οὐ

362 545 432 594 μία
459 547 574 597 χροιᾶ
600 548 699 598 Περὶ
719 548 792 588 σὸν
813 551 930 599 κρᾶτα
959 546 1043 599 τάχ’
1067 547 1301 598 ἐξομιλήσει.
1348 548 1493 603 Suppl.
1519 558 1610 602 105.
1631 549 1704 601 οὐχ
1725 548 1795 589 ἕνα

362 610 509 661 ῥυθμὸν
529 614 668 653 Κακῶν
688 614 865 666 ἐχούσας.
900 612 1016 653 Med.
1037 613 1134 667 948.
1165 613 1445 665 Εὐδαιμονήσει
1465 614 1495 655 δ’
1517 615 1590 667 οὐχ
1610 614 1667 661 ἓν,
1689 615 1794 654 ἀλλὰ

361 676 488 728 μυρία.
523 677 760 719 Callimach.
790 693 832 733 3,
861 693 928 734 33.
962 680 1024 719 καὶ
1055 679 1129 732 οὐχ
1156 680 1226 720 ἕνα
1254 681 1402 732 πύργον
1432 680 1607 722 ὀπάσσω.
1642 680 1792 720 Horat.

364 742 501 782 Carm.
520 756 562 795 4,
585 756 622 797 9.
645 757 715 798 32.
739 746 971 801 Consulque
997 759 1088 786 NON
1110 760 1242 786 umus
1262 747 1378 786 anni.
1424 747 1618 787 Catalect.
1638 760 1679 801 p.
1700 757 1793 800 197.

360 807 423 848 Et
455 809 656 864 quidquid
688 811 839 865 Libyco
869 818 1032 852 secatur
1060 826 1162 853 arvo
1196 827 1286 853 NON
1324 826 1415 853 UNA
1446 813 1627 868 positum
1660 819 1794 854 tenere

360 875 471 915 cella.
533 876 638 916 Haec
672 878 860 932 exempla
891 879 1089 928 λιτότητος
1121 878 1169 918 iis
1199 878 1317 933 adjici
1352 878 1519 934 possint,
1552 893 1647 934 quae
1679 879 1792 920 dedit

362 941 537 982 Koenius
567 943 618 982 ad
652 930 901 999 Gregorsp.
929 957 995 994 41.
1049 945 1116 984 Cf.
1150 945 1276 1000 Soph.
1308 945 1411 986 OEd.
1445 947 1499 986 T.
1522 958 1612 987 122.
1642 946 1791 1001 Eurip.

360 1008 565 1048 Androm.
587 1011 655 1063 96.
687 1011 912 1050 BLOMF.

420 1077 652 1128 105—116.
690 1076 841 1116 Versus
879 1077 919 1117 in
955 1077 1056 1117 Ald.
1091 1078 1145 1118 sic
1179 1077 1310 1127 divisi,
1353 1080 1442 1118 τί-
1467 1078 1475 1132 Ι
1500 1081 1570 1118 τὰν
1603 1078 1767 1132 σὰν-Ι

359 1139 512 1181 ἔπιδ’-
537 1140 543 1196 Ι
569 1141 674 1182 ἅν-
700 1141 706 1196 Ι
731 1147 1048 1196 πολισσοῦχοι-
1073 1143 1080 1198 Ι
1105 1146 1262 1185 ἵδετε-
1287 1145 1293 1199 Ι
1320 1147 1474 1194 κῦμα-
1498 1144 1505 1198 Ι
1531 1145 1735 1196 ἇνδρῶν-
1761 1144 1767 1199 Ι

353 1206 494 1259 Ἀρεος
513 1209 712 1260 ὀρόμενον.

418 1286 510 1327 105.
542 1275 788 1329 παλαίχθων]
812 1276 893 1322 Qui
921 1278 1132 1331 regionem
1152 1278 1251 1317 olim
1276 1277 1470 1332 possidet.
1501 1277 1586 1317 ἀντὶ
1605 1280 1684 1323 τοῦ,
1707 1278 1728 1317 ὁ
1748 1278 1791 1317 ἐκ

358 1343 526 1381 παλαιοῦ
557 1341 852 1393 κληρωσάμενος
882 1342 994 1392 τήνδε
1024 1345 1108 1395 γῆν.
1139 1347 1290 1394 τιμᾶται
1320 1346 1394 1395 γὰρ
1423 1345 1527 1395 παρὰ
1547 1344 1739 1394 Θηβαίοις
1769 1346 1790 1383 ὁ

350 1405 484 1458 Ἀρης.
529 1407 587 1447 διὸ
622 1409 684 1448 καὶ
699 1407 860 1460 Ἀρειον
894 1413 1034 1462 τεῖχος,
1069 1410 1131 1450 καὶ
1164 1409 1343 1462 Ἀρητιᾶς
1375 1410 1491 1462 κρήνη
1530 1408 1617 1461 παρ’
1647 1410 1788 1453 αὐτοῖς.

358 1471 492 1513 Schol.
513 1474 568 1513 A.
620 1474 839 1527 Proprium
870 1489 1014 1514 nomen
1048 1477 1291 1528 Παλαίχθων
1318 1475 1493 1515 occurrit
1525 1474 1670 1530 Suppl.
1694 1487 1788 1528 249.

354 1552 452 1594 343.
486 1540 713 1580 BLOMF.
764 1544 988 1594 παλαῖχθον
1017 1556 1067 1580 ex
1092 1542 1202 1581 A.B.
1232 1541 1348 1582 affert
1369 1541 1617 1591 Brunckius,
1637 1541 1679 1581 in
1700 1541 1789 1596 qui-

355 1605 434 1646 bus
453 1608 676 1659 παλαίχθον
695 1606 889 1661 scrIptum
910 1622 995 1647 esse
1015 1607 1196 1662 suspicor
1217 1619 1263 1649 ut
1283 1617 1343 1649 est
1362 1609 1403 1648 in
1425 1609 1481 1648 N.
1502 1618 1543 1649 et
1564 1608 1674 1649 Rob.
1825 1623 1828 1626 ’

411 1675 483 1713 τᾶν
512 1675 605 1714 τεὰν
634 1677 708 1725 γᾶν
738 1675 848 1714 Α.Β.
879 1674 1040 1730 aliique.
1087 1677 1159 1716 τὰν
1190 1678 1268 1716 σὰν
1295 1679 1370 1728 γᾶν
1396 1675 1534 1731 vulgo.
1579 1678 1650 1717 τᾶν
1678 1675 1785 1724 τεάν,

353 1738 500 1779 omisso
526 1742 613 1791 γᾶν,
638 1740 702 1779 Μ.
734 1754 825 1780 cum
858 1739 1021 1781 duobus
1048 1741 1146 1782 aliis.
1192 1745 1267 1793 γᾶν
1295 1744 1388 1783 τεὰν
1408 1742 1542 1782 Viteb.
1593 1742 1785 1782 Aliorum

352 1805 611 1860 quorundam
633 1805 828 1846 librorum
854 1806 1044 1848 lectiones
1074 1818 1166 1848 sunt
1188 1810 1259 1848 τὰν
1278 1811 1371 1850 τεὰν
1390 1812 1476 1861 γῆν,
1497 1811 1569 1850 τὰν
1588 1812 1662 1862 γῆν
1682 1811 1784 1857 τεὰν,

352 1872 423 1922 τὴν
441 1871 515 1921 σὴν
535 1874 621 1924 γῆν.
674 1873 822 1913 Versus
842 1882 901 1913 est
922 1873 1174 1915 bacchiaeus.

413 1948 503 1990 107.
544 1938 811 1993 χρυσοπήληξ]
854 1939 969 1980 Libri
1010 1941 1155 1995 partim
1203 1941 1272 1991 sic,
1313 1943 1459 1997 partim
1498 1943 1781 1996 χρυσεοπήληξ.

353 2005 480 2045 Pauci
510 2005 760 2058 χρυσοπήλυξ
789 2021 882 2046 cum
914 2007 1015 2047 Ald.
1047 2007 1157 2048 Rob.
1193 2009 1344 2058 Turn.²
1375 2008 1486 2063 quod
1515 2008 1671 2064 primus
1700 2023 1786 2048 cor-

351 2072 455 2111 rexit
493 2071 739 2126 Stephanus.
791 2073 984 2113 Ceterum
1014 2074 1183 2114 fortasse
1215 2089 1385 2115 numero
1417 2075 1629 2116 bacehiaco
1658 2074 1786 2115 conti-

353 2138 511 2178 tinuato
531 2137 788 2178 scribendum
811 2139 853 2179 ἰὼ
869 2140 1132 2191 χρυσοπήληξ.

407 2203 560 2257 δαῖμον]
581 2205 726 2253 δαίμων
747 2204 810 2243 Μ.

409 2268 505 2310 ἔπιδ’
527 2269 648 2323 ἔπιδε]
670 2269 765 2310 ἔπιδ’
788 2269 883 2310 ἔπιδ’
907 2271 968 2311 ἐπὶ
988 2270 1146 2312 codices
1165 2286 1248 2312 sex.
1284 2271 1377 2313 ἔπιδ’
1400 2274 1461 2313 ἐπὶ
1480 2273 1636 2317 codices
1656 2273 1753 2312 duo.

405 2336 539 2390 πόλιν]
569 2339 707 2377 πτόλιν
738 2337 845 2377 Rob.
890 2337 960 2387 τὴν
989 2339 1106 2378 πόλιν
1127 2340 1176 2379 C.
1226 2338 1459 2379 Turbatum
1491 2339 1616 2394 hujus
1646 2354 1785 2380 versus

349 2413 523 2443 metrum
549 2403 604 2444 sic
630 2403 989 2458 redintegrandum
1011 2404 1175 2445 videtur
1198 2413 1243 2445 ut
1264 2405 1393 2460 ejecto
1411 2406 1539 2447 altero
1559 2407 1678 2456 ἔπιδε,
1699 2421 1783 2461 quo

350 2468 434 2508 duo
452 2467 610 2509 codices
627 2478 780 2518 carent,
801 2468 1001 2509 scribatur

575 2534 605 2576 ὦ
623 2535 875 2588 χρυσοπήληξ
894 2539 1044 2586 δαῖμον,
1067 2536 1173 2576 ἔπιδε
1192 2537 1309 2577 πόλιν

350 2602 422 2657 qui
440 2616 581 2641 versus
600 2617 649 2642 ex
681 2601 997 2656 penthemimere
1025 2601 1198 2648 iambico
1219 2602 1312 2656 (nisi
1340 2603 1431 2657 quis
1461 2604 1504 2644 ἰὼ
1532 2603 1782 2656 χρυσοπήληξ

349 2668 462 2708 malit
482 2682 651 2708 numero
669 2667 884 2708 bacchiaco
904 2668 1160 2721 continuato)
1177 2678 1218 2709 et
1236 2668 1425 2710 dochmio
1444 2680 1504 2710 est
1523 2671 1780 2724 compositus.

350 2734 519 2789 Duplex
541 2735 647 2776 ἔπιδε
676 2734 775 2790 legit
805 2734 1030 2784 scholiasta,
1052 2735 1123 2789 qui
1152 2735 1375 2785 annotavit,
1394 2736 1528 2787 ἠθικὸν
1546 2735 1590 2776 τὸ
1611 2735 1666 2778 δὶς
1685 2736 1778 2775 ἂνα-

349 2803 541 2851 φωνῆσαι·
575 2802 724 2842 δειλίαν
744 2803 819 2853 γὰρ
840 2802 1074 2853 ἐμφαίνουσι
1093 2803 1155 2842 διὰ
1174 2803 1321 2842 τούτου.

409 2867 498 2907 108.
522 2868 585 2922 ἅν]
609 2866 650 2908 Si
672 2867 723 2908 de
742 2882 860 2908 versu
889 2867 1145 2922 praecedente
1167 2877 1274 2909 recte
1297 2867 1494 2923 judicavi,
1514 2869 1586 2908 τᾶν
1606 2866 1780 2907 scriben-

347 2931 446 2972 dum
469 2933 558 2973 erit.
622 2934 767 2988 Neque
788 2933 893 2974 enim
916 2934 1128 2975 verisimile
1148 2944 1208 2976 est
1227 2934 1459 2975 dochmium
1491 2933 1646 2988 syllaba
1674 2934 1781 2975 anci-
