1898 3256
339 258 423 297 132
810 258 1304 299 ANNOTATIONES

338 367 543 422 Apprime
573 366 654 407 huc
683 366 780 408 facit
805 367 1033 408 observatio
1065 366 1288 408 scholiastae
1315 366 1467 407 Victor.
1496 365 1537 406 in
1571 366 1692 407 Iliad.
1721 371 1770 409 O.

338 445 432 487 713.
462 432 699 488 μελάνδετα]
732 434 921 483 μελαίνας
955 435 1085 483 λαβὰς
1114 433 1272 486 ἔχοντα,
1299 432 1369 483 τὴν
1392 434 1435 472 δὲ
1467 433 1600 483 λαβὴν
1626 434 1772 485 δεσμὸν

338 503 452 540 καλεῖ
469 499 696 550 Σιμωνίδης.
727 499 957 539 BLOMF.

392 578 460 617 44.
493 565 747 617 θιγγάνοντες
774 565 888 618 χερσὶ
917 566 1092 616 ταυρείου
1123 565 1298 617 (ταυρίου
1325 565 1425 606 Ald.
1450 566 1603 616 Turn.)
1628 565 1771 620 φόνου]

337 631 449 671 Nota
469 631 675 686 sanguinis
705 641 998 672 sacramentum
1028 631 1069 670 in
1099 631 1231 681 bello3
1263 646 1384 687 quem
1413 641 1454 672 et
1479 631 1519 671 in
1549 631 1773 672 foederibus

336 711 417 737 non
448 697 577 737 solum
607 697 785 752 tetigisse
812 698 881 738 sed
915 697 1035 738 etiam
1063 697 1212 739 bibisse
1238 698 1455 738 nonnullos
1485 697 1769 752 comperimus.

339 764 408 803 Ita
427 763 676 804 Plutarchus
695 763 736 803 in
757 763 839 804 vita
863 763 1020 818 Poplic.
1038 779 1072 805 c.
1095 777 1136 816 4.
1161 765 1334 818 juvenes
1364 764 1553 819 patricios
1581 764 1637 804 ait
1665 763 1773 804 inter

337 845 379 870 se
395 829 627 878 foederatos,
647 831 850 881 ἀνθρώπου
870 830 1094 883 σφαγέντος
1112 832 1409 873 ἐπισπείσαντες
1428 831 1535 882 αἷμα.
1567 830 1633 870 Sic
1648 829 1770 870 etiam

338 896 514 937 Catilina
532 911 599 951 ap.
621 896 785 936 Sallust.
804 911 840 936 c.
865 908 931 937 22.
952 897 1240 951 conjurationis
1259 912 1343 937 suae
1369 897 1497 938 socios
1525 897 1769 952 propinavit.

338 962 510 1017 Tigrani
530 962 638 1003 idem
658 962 812 1003 factum
834 962 956 1002 refert
977 962 1160 1003 Valerius
1182 963 1409 1012 Maximus,
1431 976 1472 1016 9,
1496 976 1534 1003 2.
1579 965 1637 1004 Et
1657 962 1771 1018 apud

334 1043 451 1083 reges
479 1028 673 1069 barbaros
700 1029 742 1068 in
771 1043 883 1068 more
906 1028 1082 1084 positum
1111 1029 1236 1070 fuisse
1262 1029 1385 1070 refert
1411 1029 1595 1076 Tacitus,
1617 1029 1770 1070 Annal.

339 1108 405 1145 12,
425 1106 495 1148 47.
520 1096 685 1142 Quoties
713 1096 760 1135 in
788 1097 1013 1135 societatem
1042 1102 1195 1143 coeant,
1216 1096 1430 1150 implicare
1454 1096 1637 1145 dextras,
1649 1096 1772 1150 polli-

335 1175 474 1217 cesque
501 1163 611 1202 ‘inter
639 1176 682 1202 se
709 1163 865 1202 vinctos
898 1162 1002 1202 nodo
1030 1164 1345 1218 perstringere,-
1375 1175 1471 1202 mom
1495 1163 1566 1202 ubi
1591 1162 1771 1216 sanguis

333 1230 380 1269 in
399 1235 519 1269 artus
537 1243 580 1269 se
598 1229 804 1284 effuderit,
824 1230 905 1268 levi
922 1230 1008 1269 ictu
1026 1243 1210 1269 cruorem
1229 1229 1437 1277 inliciunt,
1458 1234 1578 1283 atque
1595 1228 1770 1268 invicem
1830 1252 1833 1254 v

333 1295 531 1336 lambunt.
579 1295 634 1335 Id
635 1295 787 1349 foedus
807 1309 1008 1334 arcanum
1027 1295 1215 1344 habetur,
1234 1296 1354 1350 quasi
1382 1300 1523 1334 mutuo
1541 1307 1686 1334 cruore
1704 1307 1770 1333 sa-

332 1367 508 1402 cratum.
569 1361 682 1401 Hinc
702 1370 742 1401 et
763 1360 960 1401 Romanis
982 1375 1067 1400 mos
1093 1359 1135 1400 in
1165 1360 1271 1400 bello
1291 1375 1332 1400 se
1352 1359 1592 1408 devovendi,
1613 1359 1665 1400 de
1684 1375 1770 1415 quo

334 1427 428 1468 vide
449 1427 615 1467 Livium
643 1439 708 1476 10,
731 1427 797 1468 28.
818 1426 859 1466 in
881 1426 1047 1467 historia
1066 1426 1196 1467 Decii.
1229 1427 1448 1467 STANL.
1491 1427 1521 1466 J
1525 1440 1660 1466 urasse
1680 1440 1769 1479 sep-

335 1504 416 1533 tem
439 1493 564 1534 duces
592 1493 644 1533 ad
675 1508 784 1533 aram
807 1493 926 1533 Jovis
954 1492 1083 1548 pluvii
1113 1492 1237 1533 tradit
1257 1492 1479 1532 Pausanias
1501 1504 1539 1540 2,
1566 1505 1627 1546 19.
1675 1493 1770 1547 Ap-

334 1559 431 1615 poni
460 1569 668 1600 merentur
694 1559 978 1600 Eratosthenis
1005 1559 1129 1599 verba
1158 1558 1199 1598 in
1232 1559 1506 1599 Catasterism.
1537 1574 1579 1614 p.
1611 1572 1674 1611 14.
1703 1559 1768 1600 ed.

333 1626 437 1667 Fell.
465 1626 486 1666 ὃ
517 1627 580 1666 καὶ
599 1628 653 1668 εἷς
681 1627 728 1666 τὰ
755 1626 954 1676 συμπόσια
981 1626 1019 1665 οἱ
1041 1625 1236 1676 ἄνθρωποι
1265 1624 1430 1677 φέρουσι
1458 1627 1519 1666 καὶ
1540 1626 1710 1673 θύουσιν,
1731 1628 1770 1667 οἱ

334 1697 532 1734 κοινωνεῖν
551 1692 741 1743 ἀλλήλοις
769 1693 1078 1744 προαιρούμενοι,
1101 1693 1163 1732 καὶ
1192 1692 1359 1743 ὀμνύειν,
1383 1692 1444 1732 καὶ
1472 1693 1517 1743 τῇ
1545 1693 1646 1746 χειρὶ
1669 1693 1766 1745 ἐφά-

332 1775 498 1800 πτοντας
517 1759 562 1813 τῇ
583 1757 704 1811 δεξιᾷ,
726 1759 933 1810 μαρτύριον
954 1758 1249 1810 εὐγνωμοσύνης
1277 1762 1388 1798 τοῦτο
1414 1758 1632 1810 ἡγούμενοι.
1676 1761 1769 1799 An-

331 1825 441 1866 nibal
461 1825 501 1865 in
523 1825 708 1880 Appian.
730 1825 781 1865 Β.
802 1824 926 1879 Hisp.
947 1839 988 1879 p.
1018 1825 1108 1863 161.
1128 1823 1192 1864 ed.
1215 1825 1273 1864 H.
1295 1825 1354 1864 St..
1376 1823 1526 1864 dicitur
1555 1825 1768 1876 ὁρκωθῆναι

332 1892 394 1932 ἐπὶ
414 1893 591 1943 ἐμπύρων
610 1892 821 1933 ἄσπειστος
841 1891 981 1944 ἐχθρὸς
1000 1889 1165 1931 ἔσεσθαι
1181 1889 1396 1941 Ῥωμαίοις.
1427 1890 1581 1931 Confer
1603 1890 1767 1931 Sallust.

333 1959 427 1998 Cat.
449 1969 514 2011 23.
537 1956 772 1997 Brunckius
790 1966 999 2011 comparat
1019 1956 1161 2011 Apoll.
1184 1957 1324 1998 Rhod.
1347 1969 1385 2004 2,
1402 1969 1498 2011 719.
1529 1957 1623 1997 Vid.
1646 1958 1767 1997 Mus-

330 2038 445 2077 grav.
465 2022 517 2063 ad
538 2023 686 2077 Eurip.
711 2023 828 2078 Cycl.
849 2024 947 2074 468.
997 2023 1122 2063 Adde
1151 2023 1413 2063 Polemonem
1443 2022 1556 2078 apud
1578 2023 1766 2063 Macrob.

335 2090 420 2130 Sat.
451 2102 493 2143 5,
531 2102 595 2142 19.
627 2090 896 2141 ἐφαπτόμενος
925 2093 994 2129 τοῦ
1029 2091 1224 2141 κρατῆρος,
1254 2091 1295 2139 ἐξ
1326 2091 1527 2140 ὑποβολῆς
1556 2090 1671 2130 δίεισι
1696 2089 1768 2129 τὸν

333 2157 461 2208 ὅρκον.
510 2156 632 2204 Quod
652 2165 786 2195 tamen
808 2154 849 2195 in
869 2169 912 2194 re
932 2154 1010 2194 alia
1029 2155 1198 2195 factum.
1227 2155 1455 2194 BLOMF.

386 2234 456 2275 45.
484 2220 586 2273 Ἀρη
620 2220 651 2260 τ’
684 2222 751 2260 Μ.
783 2231 823 2261 et
857 2229 939 2260 tres
971 2219 1038 2260 alii
1069 2220 1189 2260 codd.
1219 2235 1312 2260 cum
1345 2220 1522 2260 Stobaeo.
1573 2220 1768 2275 Plerique

323 2286 451 2339 Ἀρην
470 2288 500 2327 τ’
521 2302 614 2327 curn
636 2286 737 2328 Ald.
766 2287 876 2327 Rob.
900 2285 1039 2338 Ἀρην,
1061 2286 1206 2326 omissa
1226 2285 1387 2341 copula,
1408 2285 1503 2326 inde
1520 2301 1545 2326 a
1566 2286 1767 2327 Turnebo

331 2352 502 2401 editum,
534 2353 646 2407 quod
677 2367 809 2407 neque
838 2367 889 2393 ex
920 2352 1058 2393 codice
1087 2352 1172 2392 ullo
1195 2352 1343 2393 diserte
1366 2360 1427 2392 est
1456 2361 1692 2392 annotatum
1723 2361 1766 2392 et

330 2428 470 2460 contra
489 2420 723 2459 Atticorum
745 2427 928 2459 veterum
951 2433 1071 2459 usum
1091 2427 1244 2473 peccat,
1263 2417 1335 2473 qui
1349 2418 1586 2473 hujusmodi
1604 2433 1767 2459 accusa-

332 2487 437 2527 tivos
452 2502 531 2527 non
552 2486 593 2526 in
614 2503 677 2537 ην,
699 2486 768 2526 sed
795 2486 836 2526 in
857 2503 881 2536 η
901 2485 1118 2526 terminare
1143 2484 1284 2525 solent.
1343 2484 1546 2539 Copulam
1566 2485 1638 2539 qui
1659 2485 1766 2526 dele—

330 2563 478 2594 verunt
503 2552 734 2593 accusativo
750 2553 875 2593 Ἐνυώ
901 2552 986 2592 sine
1005 2551 1152 2606 copula
1170 2551 1382 2605 interjecto
1401 2559 1494 2591 sunt
1514 2551 1653 2591 offensi
1658 2582 1672 2600 ,
1692 2567 1765 2591 cu-

325 2619 395 2672 jus
411 2619 513 2659 ratio
532 2618 671 2658 eadem
689 2627 750 2659 est
769 2633 865 2673 quae
879 2619 923 2658 οὐ
942 2617 1050 2658 inter
1067 2619 1301 2659 οὔτε-οὔτε
1319 2616 1438 2671 positi
1452 2616 1494 2656 in
1511 2618 1648 2657 Prom.
1664 2618 1764 2669 480.

332 2684 487 2736 ἀλέξημ’
510 2685 622 2724 οὐδὲν
641 2685 729 2725 οὔτε
746 2685 962 2735 βρώσιμον,
983 2684 1028 2724 οὗ
1045 2683 1222 2737 χριστὸν,
1244 2685 1332 2724 οὔτε
1351 2685 1504 2724 πιστόν.

385 2750 527 2804 Ἐνυώ]
550 2750 754 2790 Bellorum
774 2752 879 2800 Dea,
898 2764 1021 2804 quam
1038 2750 1248 2790 Bellonam
1270 2749 1458 2789 dicebant
1480 2749 1632 2789 Latini.
1665 2749 1764 2789 Phi-

330 2817 464 2857 loxeni
506 2816 677 2865 Glossae,
717 2817 852 2856 Ἐνυώ.
887 2815 1076 2856 Bellona.
1129 2816 1312 2870 Etymol.
1353 2816 1418 2855 M.
1457 2830 1500 2869 p.
1530 2826 1630 2868 345,
1670 2829 1762 2868 pen.

330 2881 547 2929 Ἐνυάλιος,
576 2883 797 2933 πολεμικός.
825 2883 931 2933 παρὰ
951 2881 1022 2931 τὴν
1038 2880 1164 2922 Ἐνυὼ
1184 2882 1360 2932 δαίμονα,
1381 2881 1462 2931 ἥτις
1483 2882 1578 2921 ἐστὶ
1595 2879 1764 2932 προστά-

331 2963 386 2990 τις
404 2950 473 2988 τοῦ
490 2946 677 2997 πολέμου.
708 2947 855 2987 Vocem
876 2945 990 2986 ducit
1010 2945 1116 2986 idem
1147 2945 1200 2986 ab
1219 2946 1308 2992 ἔνω,
1328 2945 1373 2985 τὸ
1393 2945 1560 2997 φονεύω.
1608 2941 1764 2998 Aptior
