1898 3256
565 243 656 284 AD
686 240 1166 284 PROMETHEUM.
1516 239 1602 280 115

134 351 276 394 τοιόνδ’
299 353 502 408 ἐμπέφυκέ
521 350 588 395 σοι
606 353 766 407 θράσος.
804 353 902 394 Hoc
921 351 1017 394 ideo
1037 351 1293 394 monendum
1313 349 1472 408 putavi,
1493 365 1599 406 quo-

136 418 246 459 niam
267 429 385 461 extra
409 420 746 477 significationem
771 420 860 476 jam
890 428 1160 461 memoratam
1190 433 1284 460 raro
1312 417 1467 473 legitur
1495 421 1603 460 τοῖος

135 486 249 542 apud
269 488 436 529 Atticos
454 498 609 544 poetas.
639 488 790 529 ELM.
852 487 935 529 Sed
955 486 1148 528 advocari
1168 495 1305 543 posset
1328 484 1536 526 Herodot.
1560 484 1600 533 8,

139 565 204 594 12.
227 555 451 604 ἐλπίζοντες
468 554 604 610 πάγχυ
623 555 883 603 ἀπολέεσθαι,
906 557 946 599 ἐς
965 555 1030 596 οἶα
1051 556 1150 596 κακὰ
1164 554 1274 606 ἧκον.
1297 552 1421 594 Iliad.
1437 556 1487 593 X.
1501 563 1601 607 347.

135 621 288 678 Eurip.
309 623 405 664 Alc.
431 624 528 676 267.
560 623 794 664 BLOMF.

191 702 290 743 910.
311 691 463 742 θρόνων
481 690 536 747 τ’]
558 689 590 732 τ’
612 706 693 732 om.
715 692 782 731 M.
805 690 916 732 Rob.

192 758 235 798 δὲ
256 756 484 814 typothetae
505 773 620 800 error
638 774 716 815 pro
736 760 781 806 δ’,
804 758 919 814 quod
940 773 991 799 ex
1012 756 1136 799 codd.
1157 755 1301 798 multis
1321 766 1362 798 et
1385 757 1523 798 Turn.
1540 766 1603 799 est

134 825 374 881 repositum.
404 824 436 866 τ’
460 827 530 867 Μ.
551 825 704 882 aliique
723 841 819 868 cum
840 825 946 867 Ald.
993 824 1247 867 Particulam
1269 839 1352 866 om.
1374 825 1485 866 Rob.

191 927 291 970 913.
313 915 495 972 τοιῶνδε]
517 900 670 958 τοιένδε
686 917 754 957 Μ.

191 994 291 1047 916.
315 994 520 1050 καθήσθω]
544 994 724 1086 καξέσθω
745 996 798 1036 Ε.
832 995 1028 1036 καθείσθω
1049 993 1152 1035 Ald.
1176 993 1289 1035 Rob.

191 1102 290 1147 917.
310 1094 468 1148 πιστὸς]
491 1098 640 1138 πιστῶς
661 1095 726 1135 Μ.

188 1166 346 1220 χεροῖν]
369 1167 458 1220 χερὶ
478 1168 536 1208 A.
586 1166 675 1208 Alii
695 1166 867 1223 quidam
887 1167 1006 1221 χερσὶ
1026 1165 1093 1208 vel
1112 1167 1266 1221 χερσίν.

188 1234 391 1286 πύρπνουν
421 1234 485 1276 vel
514 1238 717 1288 π-υρπνοΰν
746 1235 871 1277 B.M.
920 1233 1011 1275 Alii
1044 1233 1233 1275 nonnulli
1260 1236 1478 1287 πυριπνοῦν
1504 1248 1599 1275 cum

131 1299 244 1342 Rob.
263 1303 481 1355 πυρίπνουν
502 1303 560 1344 D.
591 1304 794 1356 πύρπνοον
814 1302 918 1344 Ald.
941 1303 1080 1343 Turn.

189 1369 286 1424 918.
309 1370 355 1411 οὐ
374 1385 456 1412 om.
481 1370 642 1412 codices
663 1385 823 1412 novem.

189 1450 288 1491 920.
316 1441 425 1479 τοῖον
444 1438 687 1493 παλαιστὴν]
716 1439 813 1480 Non
835 1438 902 1480 hic
924 1437 1130 1479 Hercules
1150 1436 1389 1487 denotatur,
1411 1446 1458 1478 ut
1478 1446 1602 1494 puta-

130 1502 204 1545 bat
233 1505 284 1546 P.
307 1505 512 1562 Brumoy,
534 1521 750 1562 nunquam
779 1507 889 1548 enim
917 1506 985 1547 ille
1005 1507 1157 1547 Jovem
1190 1520 1320 1562 regno
1349 1505 1432 1546 fuit
1454 1515 1598 1547 extur-

130 1569 331 1621 baturus3
365 1573 436 1614 sed
465 1573 574 1614 filius
603 1589 820 1630 nunquam
847 1589 990 1615 revera
1017 1583 1152 1624 natus,
1179 1573 1416 1615 nasciturus
1445 1584 1598 1624 tamen,

131 1638 164 1679 si
202 1640 370 1696 nuptias
408 1657 503 1682 cum
546 1642 730 1683 Thetide
769 1651 1092 1683 consummasset
1132 1641 1314 1698 Jupiter.
1348 1643 1598 1683 HEATH.

131 1706 264 1749 Recte
281 1708 482 1765 explicuit
498 1709 716 1751 scholiasta
735 1709 790 1750 ad
810 1726 850 1750 v.
872 1722 969 1763 907.

189 1778 261 1817 νῦν
279 1777 630 1833 παρασκευάζεται]
651 1777 988 1831 παρασκευάζεται
1007 1776 1094 1818 duo
1114 1776 1236 1818 codd.
1258 1786 1300 1818 et
1322 1776 1424 1819 Ald.
1446 1777 1556 1819 Rob.

189 1855 287 1897 921.
310 1843 368 1885 ἐπ’
391 1844 524 1899 αὐτὸς]
553 1845 668 1888 αὐτὸς
688 1844 747 1886 ἐπ’
770 1845 882 1886 Rob.

188 1922 287 1964 922.
310 1911 482 1967 εὑρήσει]
505 1911 663 1965 εὑρήσοι
684 1913 750 1954 Μ.
772 1921 813 1953 et
834 1926 1034 1968 superscr.
1056 1911 1099 1952 in
1121 1913 1173 1954 Β.

189 1990 286 2034 923.
309 1980 498 2034 βροντῆς]
525 1979 798 2020 Scribendum
820 1979 992 2033 βροντάς
1011 1995 1107 2021 cum
1129 1980 1393 2022 Blomfieldo.

187 2059 287 2100 924.
319 2049 391 2099 γῆς
416 2046 663 2100 τινάκτειραν
697 2049 821 2089 νόσον
851 2047 1072 2088 tridentem
1108 2058 1240 2089 vocat.
1301 2049 1399 2089 Non
1427 2063 1596 2105 prorsus

130 2112 326 2155 dissimile
364 2124 426 2156 est
456 2114 573 2170 quod
614 2114 839 2171 Sophocles
873 2114 1023 2171 Antig.
1056 2128 1156 2168 421.
1190 2115 1243 2157 de
1274 2115 1442 2157 turbine
1473 2115 1596 2166 dixit,

129 2182 326 2232 μύσαντες
351 2182 384 2224 δ’
407 2185 568 2238 εἴχομεν
589 2184 702 2225 θείαν
722 2183 858 2225 νόσον.
890 2182 961 2224 ubi
984 2182 1178 2239 AEschyli
1198 2182 1358 2225 dictum
1385 2199 1595 2240 compara-

129 2248 190 2290 vit
209 2250 469 2293 Erfurdtius.

187 2329 240 2371 92
242 2327 286 2372 5
307 2318 398 2376 τὴν]
421 2323 489 2360 τοῦ
512 2318 620 2361 Rob.

187 2387 283 2439 926.
308 2385 430 2443 κακῷ]
454 2391 581 2428 κακῶν
601 2387 759 2443 aliquot
779 2386 903 2428 codd.
926 2390 1054 2428 κακῶν
1074 2388 1141 2428 M.

188 2464 284 2506 927.
306 2454 471 2510 ὅσον]”
448 2471 576 2495 οσσον
597 2455 665 2496 M.
691 2455 804 2496 Rob.
1047 2480 1068 2517 δ

187 2519 285 2573 928.
305 2521 357 2562 σύ
377 2522 466 2575 θην]
494 2521 762 2564 scribebatur
782 2522 833 2563 σὺ
853 2521 940 2573 θήν.
972 2522 1023 2562 σὺ
1044 2522 1116 2573 θὴν
1137 2523 1201 2563 Μ.

187 2586 441 2642 ἐπιγλωσσᾷ]
472 2589 637 2644 Effutis
665 2590 942 2630 adver8u8—.
975 2589 1160 2644 Hesych.
1191 2588 1589 2642 Ἐπιγλωσσῶμεναι·

131 2654 407 2696 ἐπιλαλοΰσαι.
457 2654 738 2709 Ἐπιγλωσσῶ·
783 2657 1008 2705 ἐποιωνίζον
1043 2658 1107 2697 διὰ
1145 2658 1336 2710 γλώττης.
1390 2659 1592 2711 Αἰσχύλος

127 2719 418 2773 “Ηρακλείδαις.
453 2723 682 2765 Scholiasta
700 2733 851 2775 noster,
874 2725 1077 2780 ἐποιωνίζῃ
1099 2726 1197 2765 κατὰ
1211 2729 1280 2765 τοῦ
1297 2724 1395 2767 Διὸς
1415 2725 1441 2765 ἃ
1458 2726 1591 2781 βούλῃ

127 2788 318 2841 γενέσθαι
338 2790 453 2845 αὐτῷ.
490 2790 680 2846 Choeph.
707 2803 827 2845 1043.
849 2790 934 2843 μήτ’
956 2793 1195 2845 ἐπιγλωσσῶ
1217 2792 1327 2833 κακά.
1370 2790 1590 2847 Aristoph.

129 2855 309 2911 Lysistr.
341 2867 411 2912 37.
449 2857 551 2911 Περὶ
584 2862 662 2900 τῶν
693 2857 872 2909 Ἀθηνῶν
913 2858 982 2900 οὐκ
1021 2859 1364 2914 ἐπιγλωττήσομαι
1398 2863 1591 2902 Τοιοῦτον

128 2923 256 2966 οὐδέν.
289 2925 521 2967 BLOMF.

820 3008 843 3034 Ρ
866 3006 890 3036 2
