1898 3256
317 235 399 274 188
786 233 1278 274 ANNOTATIONES

317 341 527 397 Conjunxi
555 341 628 382 hos
655 350 737 383 tres
763 342 872 383 locos
901 342 972 397 qui
1001 341 1106 382 inter
1136 356 1177 382 se
1207 350 1302 382 sunt
1331 340 1532 382 simillimi.
1591 343 1748 382 Eorum

315 408 436 464 primi
456 407 708 449 consentiens
726 418 786 449 est
805 408 845 449 in
867 408 980 449 libris
1000 408 1199 463 scriptura
1218 423 1341 463 quam
1358 407 1538 450 exhibui.
1598 409 1751 449 Portus

315 475 382 515 οὐκ
402 475 452 515 ἄν
471 474 508 514 ο·’
529 474 747 528 ἀνάσχοιτ’,
766 475 878 530 quod
899 475 1020 515 etiam
1041 474 1082 515 in
1103 474 1231 515 altero
1250 474 1338 515 loco
1357 474 1409 515 de
1429 475 1661 531 conjectura
1680 489 1751 530 po-

315 540 397 581 suit
417 540 650 588 Barnesius,
672 541 838 596 quicum
861 541 1118 582 Florentinos
1137 541 1260 581 libros
1279 555 1502 596 congruere
1522 541 1752 596 suspicatur

317 607 523 648 Matthiae.
583 608 634 648 In
662 608 782 648 tertio
810 607 948 648 Aldus
978 608 1030 648 ad
1063 622 1181 648 suum
1219 608 1286 648 οὐκ
1313 609 1362 648 ἄν
1391 625 1439 660 γε
1467 607 1649 663 relapsus
1677 615 1750 648 est.

317 675 456 724 Quum
478 674 608 715 tribus
628 674 690 715 his
706 675 888 716 versibus
908 675 1161 731 aptissimum
1184 675 1234 715 sit
1255 675 1322 715 οὐκ
1338 675 1386 715 ἄν
1402 691 1463 721 σε,
1477 689 1557 714 non
1574 674 1750 715 multum

314 740 363 781 iis
382 741 645 782 tribuendum
667 751 770 797 puto
787 758 795 783 :
838 757 1074 798 quanquam
1096 742 1169 798 qui
1188 756 1410 798 pronomen
1431 741 1660 796 requirunt,
1681 755 1750 781 ea·

315 806 410 848 dem
429 823 552 863 opera
571 817 721 864 praeter
740 808 818 848 alia
838 808 1008 849 aliorum
1029 810 1117 850 loca
1136 807 1377 863 Euripidem
1400 823 1448 848 eo
1461 823 1611 863 augere
1626 807 1748 849 debe-

316 874 421 915 bunt
441 874 481 913 in
504 874 747 915 Bacchabus
769 889 807 915 v.
830 875 923 928 789.

712 958 876 1009 Βρόμιος
895 958 963 998 οὐκ
983 957 1159 1007 ἀνέξεται

489 1027 668 1064 κινοῦντα
687 1023 844 1077 Βάκχας
865 1023 977 1064 εὐίων
996 1025 1096 1076 ὀρῶν
1116 1024 1205 1064 ἄπο.

315 1114 363 1146 ut
383 1104 579 1160 scriptum
601 1115 661 1146 est
679 1105 721 1145 in
742 1105 854 1146 libris
876 1104 1079 1155 omnibus,
1102 1104 1175 1145 nisi
1201 1105 1314 1160 quod
1335 1103 1502 1155 Aldina,
1525 1103 1751 1160 typothetae

318 1181 362 1213 ut
382 1171 544 1212 videtur
562 1172 699 1227 culpa,
722 1175 899 1212 κινοῦντι.

373 1239 490 1279 XII.
522 1238 667 1278 Alexis
697 1238 809 1293 apud
838 1237 1088 1278 Athenaeum
1123 1251 1184 1278 10.
1214 1253 1254 1293 p.
1282 1250 1364 1288 422
1398 1239 1446 1278 B.
1478 1236 1751 1278 consentiente

315 1305 536 1346 Eustathio
553 1319 593 1360 p.
616 1305 739 1360 1837,
763 1318 829 1348 20.

484 1388 561 1429 οὔτ’
581 1387 630 1428 ἂν
650 1386 805 1428 ἀδικοῖτ’
827 1387 939 1427 οὐδὲν
958 1385 1082 1428 οὐδεὶς
1096 1384 1174 1427 οὔθ’
1196 1384 1377 1444 ὑβρίζοιτ’
1400 1385 1449 1426 ἂν
1469 1386 1580 1427 ἑκών.

315 1472 456 1512 Pauca
484 1471 572 1512 haec
594 1479 690 1511 sunt
718 1479 860 1511 contra
888 1478 1057 1510 centena
1084 1477 1282 1524 correptae
1311 1467 1521 1523 particulae
1549 1467 1750 1523 exempla,

314 1547 361 1578 ut
381 1553 461 1578 non
483 1537 556 1578 sim
579 1537 814 1586 miraturus,
836 1536 867 1576 si
888 1535 960 1591 qui
981 1535 1057 1576 hoc
1083 1543 1338 1590 argumento,
1358 1534 1545 1591 quamvis
1567 1534 1749 1575 omnium

313 1603 585 1653 fallacissimo,
616 1605 838 1644 abutentur
872 1612 919 1643 ut
948 1601 1056 1643 locos
1086 1617 1210 1657 supra
1239 1601 1437 1643 indicatos
1464 1601 1513 1642 iis
1546 1601 1751 1657 corrigant

313 1670 555 1726 conjecturis
575 1685 678 1725 quas
697 1669 783 1725 ipse
803 1684 1086 1725 proponerem,
1107 1669 1182 1710 nisi
1204 1679 1335 1711 tacere
1358 1677 1581 1724 praestaret.
1640 1669 1750 1709 Nam

312 1737 387 1779 etsi
408 1737 496 1778 haec
517 1752 580 1777 res
600 1751 733 1792 neque
749 1736 844 1777 olim
867 1736 966 1777 mihi
988 1737 1071 1777 visa
1089 1746 1149 1778 est
1169 1745 1285 1777 extra
1303 1735 1598 1776 dubitationem
1619 1734 1751 1790 posita

312 1820 398 1846 esse
421 1819 556 1859 neque
583 1818 692 1844 nunc
712 1802 890 1853 videtur,
912 1812 1046 1843 tamen
1076 1803 1266 1858 majorem
1287 1800 1566 1857 exemplorum
1586 1800 1749 1841 illorum

314 1881 470 1927 partem
492 1871 549 1911 ita
569 1885 653 1911 esse
673 1880 946 1925 comparatam
967 1869 1162 1925 intelligo,
1181 1878 1227 1909 ut
1247 1867 1331 1909 sine
1348 1876 1528 1908 veterum
1548 1882 1751 1923 gramma-

313 1938 485 1979 ticorum
507 1936 746 1979 testimoniis
764 1935 806 1976 in
826 1945 1012 1978 neutram
1038 1945 1194 1992 partem
1222 1934 1450 1991 quidquam
1480 1934 1750 1976 confidentius

313 2003 584 2061 pronunciare
605 2003 731 2044 liceat.

369 2071 893 2125 563—567=626-630.

369 2138 467 2191 564.
503 2136 653 2189 ὀρθίας]
691 2135 959 2176 Scribendum
992 2137 1122 2188 ὄρθιος
1154 2150 1247 2176 cum
1281 2134 1556 2176 Wakefieldo.
1619 2139 1646 2159 “
1666 2135 1751 2175 Re-

313 2202 430 2259 spicit
451 2204 683 2243 Homerum
704 2201 821 2243 Iliad.
843 2205 894 2242 Ω.
915 2215 939 2256 3
943 2212 1011 2256 59.
1040 2201 1180 2254 Ὀρθαὶ
1200 2203 1242 2242 δὲ
1261 2202 1390 2255 τρίχες
1410 2201 1531 2242 ἔσταν
1552 2201 1609 2241 ἐνὶ
1627 2218 1750 2254 γναμ-

311 2273 444 2310 πτοῖσι
471 2268 677 2321 μέλεσσιν.
719 2268 905 2324 Choeph.
934 2281 999 2322 29.
1030 2267 1212 2321 ὀρθόθριξ
1239 2270 1379 2321 φόβος.
1421 2266 1578 2308 Polluc.
1610 2279 1648 2315 2,
1678 2280 1748 2322 31.

313 2337 419 2388 παρὰ
438 2340 640 2388 Σοφοκλεῖ
655 2335 895 2388 Ὀρθόκερως
915 2337 1042 2388 φρίκη.
1075 2335 1158 2376 οῖον
1178 2336 1368 2387 ὀρθόθριξ.
1413 2335 1467 2375 In
1486 2349 1530 2374 re
1549 2334 1751 2375 contraria

315 2402 463 2458 Eurip.
486 2402 583 2443 Hel.
600 2403 695 2457 638.
726 2401 892 2454 Γέγηθα,
922 2402 1029 2454 κρατὶ
1053 2401 1082 2442 δ’
1104 2403 1256 2454 ὀρθίους
1286 2403 1436 2455 ἐθείρας
1463 2400 1749 2453 Ἀνεπτέρωκα.

317 2470 384 2510 Cf.
416 2469 531 2525 Virg.
557 2471 656 2510 AEn.
684 2483 725 2522 4,
759 2469 876 2510 280.''
907 2469 1134 2510 BLOMF.
1165 2469 1228 2510 καὶ
1260 2468 1391 2523 τριχὸς
1421 2469 1550 2521 ὄρθιος
1579 2467 1751 2523 conjecit

317 2535 600 2587 Blomfieldus,
637 2545 683 2577 ut
718 2550 857 2576 versus
895 2535 1122 2576 accuratius
1160 2535 1422 2591 responderet
1459 2534 1750 2589 antistrophico

319 2605 415 2655 627.

370 2671 469 2724 565.
506 2671 677 2723 κλυούσᾳ
712 2670 987 2709 Hermannus.
1035 2669 1161 2709 κλύων
1194 2668 1301 2718 libri,
1334 2668 1408 2709 nisi
1439 2667 1552 2724 quod
1582 2667 1624 2708 in
1658 2666 1749 2707 cod.

317 2735 502 2777 Parisino
523 2750 606 2776 uno
626 2734 796 2776 κλύουσ’.
828 2736 956 2776 κλύων
975 2735 1108 2776 versui
1131 2735 1320 2791 proximo
1339 2734 1529 2791 adjungit
1553 2733 1649 2775 Ald.

372 2804 469 2856 566.
492 2803 570 2843 εἴθε
589 2804 664 2855 γὰρ
685 2804 767 2843 θεοὶ
788 2803 896 2843 ΑΒ.
917 2802 1078 2859 aliique.
1100 2804 1134 2843 εἰ
1154 2802 1236 2844 θεοὶ
1260 2801 1268 2857 Ι
1293 2802 1376 2843 θεοὶ
1391 2803 1454 2843 Μ.
1478 2803 1557 2844 εἴθε
1572 2803 1610 2843 οἱ
1634 2801 1640 2856 Ι
1667 2801 1750 2842 θεοὶ

315 2868 453 2923 vulgo.

371 2935 466 2990 567.
489 2936 560 2991 γᾷ]
583 2937 632 2990 γῇ
655 2934 755 2976 Ald.
778 2934 889 2976 Rob.
