<?xml version="1.0" encoding="UTF-8"?>
<!DOCTYPE html PUBLIC "-//W3C//DTD XHTML 1.0 Transitional//EN"
    "http://www.w3.org/TR/xhtml1/DTD/xhtml1-transitional.dtd">
<html xmlns="http://www.w3.org/1999/xhtml" xml:lang="en" lang="en">
 <head>
  <title>
</title>
<meta http-equiv="Content-Type" content="text/html;charset=utf-8" />
  <meta name='ocr-system' content='tesseract 3.04.00' />
  <meta name='ocr-capabilities' content='ocr_page ocr_carea ocr_par ocr_line ocrx_word'/>
</head>
<body>
  <div class='ocr_page' id='page_1' title='image "./tragoediaesupers02aescuoft_0240.png"; bbox 0 0 1898 3256; ppageno 0'>
   <div class='ocr_carea' id='block_1_1' title="bbox 341 203 1304 251">
    <p class='ocr_par' dir='ltr' id='par_1_1' title="bbox 341 203 1304 251">
     <span class='ocr_line' id='line_1_1' title="bbox 341 203 1304 251; baseline 0.005 -6"><span class='ocrx_word' id='word_1_1' title='bbox 341 203 427 246; x_wconf 74' lang='lat'><strong>236</strong></span> <span class='ocrx_word' id='word_1_2' title='bbox 811 208 1304 251; x_wconf 84' lang='lat' dir='ltr'><strong>ANNOTATIONES</strong></span> 
     </span>
    </p>
   </div>
   <div class='ocr_carea' id='block_1_2' title="bbox 342 314 1784 2770">
    <p class='ocr_par' dir='ltr' id='par_1_2' title="bbox 342 314 1776 422">
     <span class='ocr_line' id='line_1_2' title="bbox 342 314 1776 372; baseline 0.003 -17"><span class='ocrx_word' id='word_1_3' title='bbox 342 315 488 359; x_wconf 79' lang='lat' dir='ltr'>Persas</span> <span class='ocrx_word' id='word_1_4' title='bbox 515 314 725 365; x_wconf 83' lang='lat' dir='ltr'><strong>institutis,</strong></span> <span class='ocrx_word' id='word_1_5' title='bbox 746 331 922 372; x_wconf 86' lang='lat' dir='ltr'><strong>quorum</strong></span> <span class='ocrx_word' id='word_1_6' title='bbox 953 318 1148 358; x_wconf 86' lang='lat' dir='ltr'><strong>rationem</strong></span> <span class='ocrx_word' id='word_1_7' title='bbox 1178 316 1370 358; x_wconf 79' lang='lat' dir='ltr'>describit</span> <span class='ocrx_word' id='word_1_8' title='bbox 1390 316 1630 359; x_wconf 87' lang='lat' dir='ltr'><strong>Herodotus</strong></span> <span class='ocrx_word' id='word_1_9' title='bbox 1650 318 1687 368; x_wconf 91' lang='lat'><strong>8,</strong></span> <span class='ocrx_word' id='word_1_10' title='bbox 1709 318 1776 372; x_wconf 62' lang='lat'><strong>98·</strong></span> 
     </span>
     <span class='ocr_line' id='line_1_3' title="bbox 346 381 476 422; baseline 0 0"><span class='ocrx_word' id='word_1_11' title='bbox 346 381 476 422; x_wconf 85' lang='lat' dir='ltr'><strong>SCH.</strong></span> 
     </span>
    </p>

    <p class='ocr_par' dir='ltr' id='par_1_3' title="bbox 405 448 1289 502">
     <span class='ocr_line' id='line_1_4' title="bbox 405 448 1289 502; baseline 0.002 -14"><span class='ocrx_word' id='word_1_12' title='bbox 405 457 467 502; x_wconf 86' lang='lat'><strong>15.</strong></span> <span class='ocrx_word' id='word_1_13' title='bbox 490 448 549 502; x_wconf 88' lang='grc' dir='ltr'>τὸ]</span> <span class='ocrx_word' id='word_1_14' title='bbox 570 452 622 489; x_wconf 83' lang='grc' dir='ltr'>τῶ</span> <span class='ocrx_word' id='word_1_15' title='bbox 643 450 710 489; x_wconf 91' lang='grc' dir='ltr'><strong>Μ.</strong></span> <span class='ocrx_word' id='word_1_16' title='bbox 759 450 839 499; x_wconf 83' lang='lat' dir='ltr'><strong>Qui</strong></span> <span class='ocrx_word' id='word_1_17' title='bbox 861 450 1031 490; x_wconf 86' lang='lat' dir='ltr'><strong>fortasse</strong></span> <span class='ocrx_word' id='word_1_18' title='bbox 1051 453 1127 490; x_wconf 82' lang='grc' dir='ltr'><strong>τῶν</strong></span> <span class='ocrx_word' id='word_1_19' title='bbox 1146 448 1289 490; x_wconf 89' lang='lat' dir='ltr'><strong>voluit.</strong></span> 
     </span>
    </p>

    <p class='ocr_par' dir='ltr' id='par_1_4' title="bbox 405 514 1228 569">
     <span class='ocr_line' id='line_1_5' title="bbox 405 514 1228 569; baseline 0.005 -16"><span class='ocrx_word' id='word_1_20' title='bbox 405 515 471 554; x_wconf 90' lang='lat'><strong>16.</strong></span> <span class='ocrx_word' id='word_1_21' title='bbox 492 514 537 554; x_wconf 83' lang='grc' dir='ltr'>τὸ</span> <span class='ocrx_word' id='word_1_22' title='bbox 558 515 734 569; x_wconf 87' lang='grc' dir='ltr'>Σούσων]</span> <span class='ocrx_word' id='word_1_23' title='bbox 755 515 798 556; x_wconf 85' lang='grc' dir='ltr'>τὸ</span> <span class='ocrx_word' id='word_1_24' title='bbox 819 516 917 557; x_wconf 78' lang='grc' dir='ltr'>ἄστυ</span> <span class='ocrx_word' id='word_1_25' title='bbox 937 517 1099 557; x_wconf 79' lang='grc' dir='ltr'>Σούσων</span> <span class='ocrx_word' id='word_1_26' title='bbox 1118 516 1228 557; x_wconf 88' lang='lat' dir='ltr'><strong>Rob.</strong></span> 
     </span>
    </p>

    <p class='ocr_par' dir='ltr' id='par_1_5' title="bbox 344 579 1780 834">
     <span class='ocr_line' id='line_1_6' title="bbox 399 579 1780 636; baseline 0.001 -14"><span class='ocrx_word' id='word_1_27' title='bbox 399 580 671 636; x_wconf 89' lang='grc' dir='ltr'>Ἐκβατάνων]</span> <span class='ocrx_word' id='word_1_28' title='bbox 704 582 972 623; x_wconf 87' lang='lat' dir='ltr'><strong>Scribendum</strong></span> <span class='ocrx_word' id='word_1_29' title='bbox 999 581 1260 635; x_wconf 80' lang='grc' dir='ltr'>Ἀγβατάνων</span> <span class='ocrx_word' id='word_1_30' title='bbox 1289 596 1383 622; x_wconf 88' lang='lat' dir='ltr'><strong>cum</strong></span> <span class='ocrx_word' id='word_1_31' title='bbox 1408 579 1618 621; x_wconf 89' lang='lat' dir='ltr'><strong>Brunckio</strong></span> <span class='ocrx_word' id='word_1_32' title='bbox 1644 580 1710 622; x_wconf 88' lang='lat' dir='ltr'><strong>hic</strong></span> <span class='ocrx_word' id='word_1_33' title='bbox 1738 591 1780 623; x_wconf 91' lang='lat' dir='ltr'><strong>et</strong></span> 
     </span>
     <span class='ocr_line' id='line_1_7' title="bbox 344 648 1778 703; baseline 0.001 -16"><span class='ocrx_word' id='word_1_34' title='bbox 344 662 381 687; x_wconf 90' lang='lat' dir='ltr'><strong>v.</strong></span> <span class='ocrx_word' id='word_1_35' title='bbox 403 656 455 701; x_wconf 83' lang='lat'><strong>53</strong></span> <span class='ocrx_word' id='word_1_36' title='bbox 460 661 499 702; x_wconf 86' lang='lat'><strong>5.</strong></span> <span class='ocrx_word' id='word_1_37' title='bbox 531 663 625 702; x_wconf 85' lang='lat' dir='ltr'><strong>quae</strong></span> <span class='ocrx_word' id='word_1_38' title='bbox 654 648 859 703; x_wconf 84' lang='lat' dir='ltr'>antiquior</span> <span class='ocrx_word' id='word_1_39' title='bbox 889 648 1062 689; x_wconf 89' lang='lat' dir='ltr'><strong>nominis</strong></span> <span class='ocrx_word' id='word_1_40' title='bbox 1090 648 1222 690; x_wconf 86' lang='lat' dir='ltr'><strong>forma</strong></span> <span class='ocrx_word' id='word_1_41' title='bbox 1250 657 1326 698; x_wconf 84' lang='lat' dir='ltr'><strong>est,</strong></span> <span class='ocrx_word' id='word_1_42' title='bbox 1353 648 1405 689; x_wconf 89' lang='lat' dir='ltr'><strong>de</strong></span> <span class='ocrx_word' id='word_1_43' title='bbox 1431 663 1515 703; x_wconf 88' lang='lat' dir='ltr'><strong>qua</strong></span> <span class='ocrx_word' id='word_1_44' title='bbox 1540 663 1577 689; x_wconf 88' lang='lat' dir='ltr'><strong>v.</strong></span> <span class='ocrx_word' id='word_1_45' title='bbox 1606 649 1654 688; x_wconf 89' lang='lat' dir='ltr'><strong>L.</strong></span> <span class='ocrx_word' id='word_1_46' title='bbox 1675 648 1778 689; x_wconf 88' lang='lat' dir='ltr'><strong>Din-</strong></span> 
     </span>
     <span class='ocr_line' id='line_1_8' title="bbox 344 713 1780 771; baseline 0.001 -17"><span class='ocrx_word' id='word_1_47' title='bbox 344 713 499 754; x_wconf 86' lang='lat' dir='ltr'><strong>dorfius</strong></span> <span class='ocrx_word' id='word_1_48' title='bbox 517 714 559 754; x_wconf 92' lang='lat' dir='ltr'><strong>in</strong></span> <span class='ocrx_word' id='word_1_49' title='bbox 582 714 799 755; x_wconf 85' lang='lat' dir='ltr'>Thesauro</span> <span class='ocrx_word' id='word_1_50' title='bbox 821 714 1017 769; x_wconf 81' lang='lat' dir='ltr'>Stephani</span> <span class='ocrx_word' id='word_1_51' title='bbox 1040 714 1119 756; x_wconf 91' lang='lat' dir='ltr'><strong>vol.</strong></span> <span class='ocrx_word' id='word_1_52' title='bbox 1141 729 1182 770; x_wconf 82' lang='lat'><strong>3.</strong></span> <span class='ocrx_word' id='word_1_53' title='bbox 1200 730 1243 771; x_wconf 90' lang='lat' dir='ltr'><strong>p.</strong></span> <span class='ocrx_word' id='word_1_54' title='bbox 1263 726 1360 770; x_wconf 84' lang='lat'><em>375.</em></span> <span class='ocrx_word' id='word_1_55' title='bbox 1396 717 1503 757; x_wconf 84' lang='lat' dir='ltr'><strong>Eam</strong></span> <span class='ocrx_word' id='word_1_56' title='bbox 1524 715 1616 756; x_wconf 87' lang='lat' dir='ltr'><strong>libri</strong></span> <span class='ocrx_word' id='word_1_57' title='bbox 1635 715 1780 770; x_wconf 84' lang='lat' dir='ltr'><strong>optimi</strong></span> 
     </span>
     <span class='ocr_line' id='line_1_9' title="bbox 344 781 729 834; baseline 0.003 -14"><span class='ocrx_word' id='word_1_58' title='bbox 344 788 555 821; x_wconf 87' lang='lat' dir='ltr'><strong>servarunt</strong></span> <span class='ocrx_word' id='word_1_59' title='bbox 577 795 612 821; x_wconf 91' lang='lat' dir='ltr'><strong>v.</strong></span> <span class='ocrx_word' id='word_1_60' title='bbox 635 781 729 834; x_wconf 89' lang='lat'><strong>961.</strong></span> 
     </span>
    </p>

    <p class='ocr_par' dir='ltr' id='par_1_6' title="bbox 405 846 782 902">
     <span class='ocr_line' id='line_1_10' title="bbox 405 846 782 902; baseline -0.003 -15"><span class='ocrx_word' id='word_1_61' title='bbox 405 859 469 899; x_wconf 88' lang='lat'><strong>17.</strong></span> <span class='ocrx_word' id='word_1_62' title='bbox 491 846 574 902; x_wconf 89' lang='grc' dir='ltr'>καὶ]</span> <span class='ocrx_word' id='word_1_63' title='bbox 596 848 652 890; x_wconf 80' lang='grc' dir='ltr'>εἰς</span> <span class='ocrx_word' id='word_1_64' title='bbox 671 846 782 887; x_wconf 86' lang='lat' dir='ltr'><strong>Rob.</strong></span> 
     </span>
    </p>

    <p class='ocr_par' dir='ltr' id='par_1_7' title="bbox 343 912 1782 1235">
     <span class='ocr_line' id='line_1_11' title="bbox 401 912 1782 968; baseline 0 -14"><span class='ocrx_word' id='word_1_65' title='bbox 401 913 613 968; x_wconf 88' lang='grc' dir='ltr'>Κίσσινον]</span> <span class='ocrx_word' id='word_1_66' title='bbox 643 914 796 953; x_wconf 82' lang='lat' dir='ltr'><strong>Forma</strong></span> <span class='ocrx_word' id='word_1_67' title='bbox 817 912 959 954; x_wconf 84' lang='lat' dir='ltr'><strong>vitiosa</strong></span> <span class='ocrx_word' id='word_1_68' title='bbox 977 913 1044 955; x_wconf 92' lang='lat' dir='ltr'><strong>hic</strong></span> <span class='ocrx_word' id='word_1_69' title='bbox 1063 922 1104 955; x_wconf 94' lang='lat' dir='ltr'><strong>et</strong></span> <span class='ocrx_word' id='word_1_70' title='bbox 1123 929 1161 954; x_wconf 88' lang='lat' dir='ltr'><strong>v.</strong></span> <span class='ocrx_word' id='word_1_71' title='bbox 1186 927 1276 957; x_wconf 82' lang='lat'>120.</span> <span class='ocrx_word' id='word_1_72' title='bbox 1298 929 1433 955; x_wconf 86' lang='lat' dir='ltr'><strong>errore</strong></span> <span class='ocrx_word' id='word_1_73' title='bbox 1461 914 1573 956; x_wconf 86' lang='lat' dir='ltr'><strong>illata</strong></span> <span class='ocrx_word' id='word_1_74' title='bbox 1599 914 1782 955; x_wconf 86' lang='lat' dir='ltr'><strong>librario-</strong></span> 
     </span>
     <span class='ocr_line' id='line_1_12' title="bbox 343 979 1780 1036; baseline 0.001 -17"><span class='ocrx_word' id='word_1_75' title='bbox 343 993 433 1019; x_wconf 86' lang='lat' dir='ltr'><strong>rum</strong></span> <span class='ocrx_word' id='word_1_76' title='bbox 456 979 509 1019; x_wconf 86' lang='lat' dir='ltr'><strong>ad</strong></span> <span class='ocrx_word' id='word_1_77' title='bbox 529 979 779 1034; x_wconf 82' lang='lat' dir='ltr'>adjectivum</span> <span class='ocrx_word' id='word_1_78' title='bbox 801 980 985 1027; x_wconf 86' lang='grc' dir='ltr'>κίσσινος,</span> <span class='ocrx_word' id='word_1_79' title='bbox 1005 980 1119 1035; x_wconf 90' lang='lat' dir='ltr'><strong>quod</strong></span> <span class='ocrx_word' id='word_1_80' title='bbox 1147 980 1414 1022; x_wconf 85' lang='lat' dir='ltr'><strong>hederaceum</strong></span> <span class='ocrx_word' id='word_1_81' title='bbox 1434 981 1644 1036; x_wconf 83' lang='lat' dir='ltr'><strong>significat,</strong></span> <span class='ocrx_word' id='word_1_82' title='bbox 1666 981 1780 1021; x_wconf 83' lang='lat' dir='ltr'><strong>aber-</strong></span> 
     </span>
     <span class='ocr_line' id='line_1_13' title="bbox 343 1045 1779 1102; baseline 0 -16"><span class='ocrx_word' id='word_1_83' title='bbox 343 1045 535 1087; x_wconf 86' lang='lat' dir='ltr'><strong>rantium.</strong></span> <span class='ocrx_word' id='word_1_84' title='bbox 597 1045 867 1086; x_wconf 86' lang='lat' dir='ltr'><strong>Scribendum</strong></span> <span class='ocrx_word' id='word_1_85' title='bbox 916 1046 1135 1102; x_wconf 87' lang='lat' dir='ltr'><strong>utrobique</strong></span> <span class='ocrx_word' id='word_1_86' title='bbox 1183 1048 1352 1088; x_wconf 85' lang='grc' dir='ltr'>Κίσσιον</span> <span class='ocrx_word' id='word_1_87' title='bbox 1389 1061 1483 1088; x_wconf 90' lang='lat' dir='ltr'><strong>cum</strong></span> <span class='ocrx_word' id='word_1_88' title='bbox 1523 1047 1779 1088; x_wconf 89' lang='lat' dir='ltr'><strong>Blomfieldo.</strong></span> 
     </span>
     <span class='ocr_line' id='line_1_14' title="bbox 344 1112 1781 1168; baseline 0 -14"><span class='ocrx_word' id='word_1_89' title='bbox 344 1114 476 1154; x_wconf 84' lang='lat' dir='ltr'><strong>Recta</strong></span> <span class='ocrx_word' id='word_1_90' title='bbox 495 1113 627 1153; x_wconf 82' lang='lat' dir='ltr'><strong>forma</strong></span> <span class='ocrx_word' id='word_1_91' title='bbox 648 1122 806 1153; x_wconf 83' lang='lat' dir='ltr'><strong>servata</strong></span> <span class='ocrx_word' id='word_1_92' title='bbox 827 1113 868 1153; x_wconf 85' lang='lat' dir='ltr'><strong>iu</strong></span> <span class='ocrx_word' id='word_1_93' title='bbox 890 1112 1002 1154; x_wconf 87' lang='lat' dir='ltr'><strong>libris</strong></span> <span class='ocrx_word' id='word_1_94' title='bbox 1021 1113 1268 1168; x_wconf 84' lang='lat' dir='ltr'><strong>quibusdam</strong></span> <span class='ocrx_word' id='word_1_95' title='bbox 1291 1130 1330 1155; x_wconf 83' lang='lat' dir='ltr'><strong>V.</strong></span> <span class='ocrx_word' id='word_1_96' title='bbox 1357 1127 1449 1158; x_wconf 83' lang='lat'>120.</span> <span class='ocrx_word' id='word_1_97' title='bbox 1470 1124 1510 1155; x_wconf 88' lang='lat' dir='ltr'><strong>et</strong></span> <span class='ocrx_word' id='word_1_98' title='bbox 1530 1115 1570 1156; x_wconf 88' lang='lat' dir='ltr'><strong>in</strong></span> <span class='ocrx_word' id='word_1_99' title='bbox 1591 1114 1781 1155; x_wconf 88' lang='lat' dir='ltr'><strong>omnibus</strong></span> 
     </span>
     <span class='ocr_line' id='line_1_15' title="bbox 345 1179 1282 1235; baseline 0.002 -15"><span class='ocrx_word' id='word_1_100' title='bbox 345 1179 534 1235; x_wconf 85' lang='lat' dir='ltr'><strong>Choeph.</strong></span> <span class='ocrx_word' id='word_1_101' title='bbox 556 1191 652 1233; x_wconf 85' lang='lat'>423.</span> <span class='ocrx_word' id='word_1_102' title='bbox 675 1180 842 1223; x_wconf 85' lang='grc' dir='ltr'>Κισσίας</span> <span class='ocrx_word' id='word_1_103' title='bbox 862 1181 991 1231; x_wconf 89' lang='grc' dir='ltr'>νόμοις</span> <span class='ocrx_word' id='word_1_104' title='bbox 1011 1181 1282 1233; x_wconf 81' lang='grc' dir='ltr'>ἰηλεμιστρίας.</span> 
     </span>
    </p>

    <p class='ocr_par' dir='ltr' id='par_1_8' title="bbox 342 1246 1782 1565">
     <span class='ocr_line' id='line_1_16' title="bbox 401 1246 1778 1302; baseline 0.001 -14"><span class='ocrx_word' id='word_1_105' title='bbox 401 1246 584 1301; x_wconf 86' lang='grc' dir='ltr'>Κίσσιον]</span> <span class='ocrx_word' id='word_1_106' title='bbox 618 1246 767 1287; x_wconf 83' lang='lat' dir='ltr'><strong>Strabo</strong></span> <span class='ocrx_word' id='word_1_107' title='bbox 791 1259 858 1299; x_wconf 89' lang='lat'><strong>14.</strong></span> <span class='ocrx_word' id='word_1_108' title='bbox 890 1262 930 1302; x_wconf 90' lang='lat' dir='ltr'><strong>p.</strong></span> <span class='ocrx_word' id='word_1_109' title='bbox 952 1247 1048 1298; x_wconf 80' lang='lat'>728.</span> <span class='ocrx_word' id='word_1_110' title='bbox 1079 1246 1265 1299; x_wconf 85' lang='grc' dir='ltr'>λέγονται</span> <span class='ocrx_word' id='word_1_111' title='bbox 1287 1249 1330 1288; x_wconf 73' lang='grc' dir='ltr'><strong>δὲ</strong></span> <span class='ocrx_word' id='word_1_112' title='bbox 1353 1248 1415 1289; x_wconf 85' lang='grc' dir='ltr'><strong>καὶ</strong></span> <span class='ocrx_word' id='word_1_113' title='bbox 1436 1249 1595 1288; x_wconf 88' lang='grc' dir='ltr'>Κίσσιοι</span> <span class='ocrx_word' id='word_1_114' title='bbox 1617 1249 1655 1288; x_wconf 84' lang='grc' dir='ltr'>οἱ</span> <span class='ocrx_word' id='word_1_115' title='bbox 1679 1248 1778 1289; x_wconf 83' lang='grc' dir='ltr'>Σού-</span> 
     </span>
     <span class='ocr_line' id='line_1_17' title="bbox 344 1313 1780 1367; baseline 0.001 -14"><span class='ocrx_word' id='word_1_116' title='bbox 344 1330 436 1355; x_wconf 89' lang='grc' dir='ltr'>σιοι.</span> <span class='ocrx_word' id='word_1_117' title='bbox 468 1314 567 1367; x_wconf 89' lang='grc' dir='ltr'>φησὶ</span> <span class='ocrx_word' id='word_1_118' title='bbox 587 1315 629 1354; x_wconf 85' lang='grc' dir='ltr'><strong>δὲ</strong></span> <span class='ocrx_word' id='word_1_119' title='bbox 650 1314 712 1354; x_wconf 81' lang='grc' dir='ltr'><strong>καὶ</strong></span> <span class='ocrx_word' id='word_1_120' title='bbox 733 1315 932 1367; x_wconf 81' lang='grc' dir='ltr'>Αἰσχύλος</span> <span class='ocrx_word' id='word_1_121' title='bbox 950 1313 1021 1364; x_wconf 81' lang='grc' dir='ltr'><strong>τὴν</strong></span> <span class='ocrx_word' id='word_1_122' title='bbox 1038 1313 1184 1365; x_wconf 91' lang='grc' dir='ltr'>μητέρα</span> <span class='ocrx_word' id='word_1_123' title='bbox 1199 1313 1405 1364; x_wconf 87' lang='grc' dir='ltr'>Μέμνονος</span> <span class='ocrx_word' id='word_1_124' title='bbox 1426 1314 1611 1354; x_wconf 89' lang='grc' dir='ltr'>Κισσίαν.</span> <span class='ocrx_word' id='word_1_125' title='bbox 1645 1315 1780 1354; x_wconf 89' lang='lat' dir='ltr'><strong>Hero-</strong></span> 
     </span>
     <span class='ocr_line' id='line_1_18' title="bbox 342 1379 1782 1435; baseline 0.001 -14"><span class='ocrx_word' id='word_1_126' title='bbox 342 1380 464 1421; x_wconf 88' lang='lat' dir='ltr'><strong>dotus</strong></span> <span class='ocrx_word' id='word_1_127' title='bbox 484 1381 522 1430; x_wconf 90' lang='lat'><strong>6,</strong></span> <span class='ocrx_word' id='word_1_128' title='bbox 547 1380 640 1434; x_wconf 83' lang='lat'><strong>236.</strong></span> <span class='ocrx_word' id='word_1_129' title='bbox 662 1381 829 1430; x_wconf 84' lang='grc' dir='ltr'>Κισσίης</span> <span class='ocrx_word' id='word_1_130' title='bbox 856 1381 983 1433; x_wconf 82' lang='grc' dir='ltr'>χώρης</span> <span class='ocrx_word' id='word_1_131' title='bbox 1012 1380 1208 1421; x_wconf 82' lang='lat' dir='ltr'><strong>meminit.</strong></span> <span class='ocrx_word' id='word_1_132' title='bbox 1250 1380 1434 1435; x_wconf 89' lang='lat' dir='ltr'><strong>Hesych.</strong></span> <span class='ocrx_word' id='word_1_133' title='bbox 1467 1381 1636 1421; x_wconf 88' lang='grc' dir='ltr'>Κίσσιοι.</span> <span class='ocrx_word' id='word_1_134' title='bbox 1669 1379 1782 1423; x_wconf 86' lang='grc' dir='ltr'>ἔθνος</span> 
     </span>
     <span class='ocr_line' id='line_1_19' title="bbox 345 1445 1782 1499; baseline -0.001 -10"><span class='ocrx_word' id='word_1_135' title='bbox 345 1450 526 1499; x_wconf 84' lang='grc' dir='ltr'>Περσῶν.</span> <span class='ocrx_word' id='word_1_136' title='bbox 573 1445 733 1495; x_wconf 86' lang='lat' dir='ltr'><strong>Suidas‚</strong></span> <span class='ocrx_word' id='word_1_137' title='bbox 763 1447 926 1487; x_wconf 88' lang='grc' dir='ltr'>Κισσία.</span> <span class='ocrx_word' id='word_1_138' title='bbox 955 1447 1075 1499; x_wconf 85' lang='grc' dir='ltr'>χώρα.</span> <span class='ocrx_word' id='word_1_139' title='bbox 1122 1446 1325 1488; x_wconf 86' lang='lat' dir='ltr'><strong>Herodot.</strong></span> <span class='ocrx_word' id='word_1_140' title='bbox 1352 1457 1390 1499; x_wconf 89' lang='lat'><strong>7,</strong></span> <span class='ocrx_word' id='word_1_141' title='bbox 1411 1448 1478 1488; x_wconf 84' lang='lat'><strong>62.</strong></span> <span class='ocrx_word' id='word_1_142' title='bbox 1510 1447 1782 1496; x_wconf 82' lang='grc' dir='ltr'>Κίσσιοι-μι-</span> 
     </span>
     <span class='ocr_line' id='line_1_20' title="bbox 344 1513 916 1565; baseline -0.003 -11"><span class='ocrx_word' id='word_1_143' title='bbox 344 1514 531 1565; x_wconf 79' lang='grc' dir='ltr'>τρηφόροι</span> <span class='ocrx_word' id='word_1_144' title='bbox 551 1513 659 1554; x_wconf 84' lang='grc' dir='ltr'>ἔσαν.</span> <span class='ocrx_word' id='word_1_145' title='bbox 690 1513 916 1553; x_wconf 84' lang='lat' dir='ltr'><strong>BLOMF.</strong></span> 
     </span>
    </p>

    <p class='ocr_par' dir='ltr' id='par_1_9' title="bbox 403 1580 1086 1634">
     <span class='ocr_line' id='line_1_21' title="bbox 403 1580 1086 1634; baseline 0 -13"><span class='ocrx_word' id='word_1_146' title='bbox 403 1581 471 1621; x_wconf 87' lang='lat'><strong>18.</strong></span> <span class='ocrx_word' id='word_1_147' title='bbox 494 1580 613 1634; x_wconf 84' lang='grc' dir='ltr'>ναῶν]</span> <span class='ocrx_word' id='word_1_148' title='bbox 635 1583 737 1631; x_wconf 85' lang='grc' dir='ltr'>νηῶν</span> <span class='ocrx_word' id='word_1_149' title='bbox 758 1580 823 1619; x_wconf 91' lang='grc' dir='ltr'><strong>Μ.</strong></span> <span class='ocrx_word' id='word_1_150' title='bbox 843 1588 884 1619; x_wconf 88' lang='lat' dir='ltr'><strong>et</strong></span> <span class='ocrx_word' id='word_1_151' title='bbox 905 1588 985 1620; x_wconf 84' lang='lat' dir='ltr'><strong>tres</strong></span> <span class='ocrx_word' id='word_1_152' title='bbox 1003 1580 1086 1621; x_wconf 81' lang='lat' dir='ltr'><strong>alii.</strong></span> 
     </span>
    </p>

    <p class='ocr_par' dir='ltr' id='par_1_10' title="bbox 343 1646 1781 1832">
     <span class='ocr_line' id='line_1_22' title="bbox 402 1646 1781 1702; baseline 0.001 -15"><span class='ocrx_word' id='word_1_153' title='bbox 402 1658 469 1688; x_wconf 88' lang='lat'><strong>21.</strong></span> <span class='ocrx_word' id='word_1_154' title='bbox 490 1647 562 1687; x_wconf 86' lang='lat' dir='ltr'><strong>Ad</strong></span> <span class='ocrx_word' id='word_1_155' title='bbox 584 1646 747 1687; x_wconf 86' lang='lat' dir='ltr'><strong>nomina</strong></span> <span class='ocrx_word' id='word_1_156' title='bbox 766 1646 920 1687; x_wconf 89' lang='lat' dir='ltr'><strong>ducum</strong></span> <span class='ocrx_word' id='word_1_157' title='bbox 942 1661 1037 1701; x_wconf 87' lang='lat' dir='ltr'><strong>quae</strong></span> <span class='ocrx_word' id='word_1_158' title='bbox 1060 1656 1290 1702; x_wconf 89' lang='lat' dir='ltr'><strong>sequuntur</strong></span> <span class='ocrx_word' id='word_1_159' title='bbox 1310 1657 1418 1688; x_wconf 88' lang='lat' dir='ltr'><strong>recte</strong></span> <span class='ocrx_word' id='word_1_160' title='bbox 1436 1647 1646 1688; x_wconf 85' lang='lat' dir='ltr'>annotavit</span> <span class='ocrx_word' id='word_1_161' title='bbox 1666 1647 1781 1688; x_wconf 88' lang='lat' dir='ltr'><strong>scho-</strong></span> 
     </span>
     <span class='ocr_line' id='line_1_23' title="bbox 343 1712 1780 1771; baseline 0 -16"><span class='ocrx_word' id='word_1_162' title='bbox 343 1712 473 1763; x_wconf 83' lang='lat' dir='ltr'><strong>liasta,</strong></span> <span class='ocrx_word' id='word_1_163' title='bbox 495 1717 678 1765; x_wconf 83' lang='grc' dir='ltr'>βασιλεῖς</span> <span class='ocrx_word' id='word_1_164' title='bbox 691 1715 765 1765; x_wconf 82' lang='grc' dir='ltr'>μὲν</span> <span class='ocrx_word' id='word_1_165' title='bbox 784 1717 861 1754; x_wconf 88' lang='grc' dir='ltr'>τῶν</span> <span class='ocrx_word' id='word_1_166' title='bbox 875 1714 980 1754; x_wconf 85' lang='grc' dir='ltr'>ἰδίων</span> <span class='ocrx_word' id='word_1_167' title='bbox 997 1715 1164 1764; x_wconf 86' lang='grc' dir='ltr'>πόλεων,</span> <span class='ocrx_word' id='word_1_168' title='bbox 1177 1714 1481 1767; x_wconf 83' lang='grc' dir='ltr'>ὑποτεταγμένοι</span> <span class='ocrx_word' id='word_1_169' title='bbox 1501 1716 1542 1755; x_wconf 79' lang='grc' dir='ltr'><strong>δὲ</strong></span> <span class='ocrx_word' id='word_1_170' title='bbox 1562 1717 1613 1769; x_wconf 75' lang='grc' dir='ltr'>τῷ</span> <span class='ocrx_word' id='word_1_171' title='bbox 1629 1714 1780 1771; x_wconf 86' lang='grc' dir='ltr'>Πέρσῃ.</span> 
     </span>
     <span class='ocr_line' id='line_1_24' title="bbox 345 1779 1536 1832; baseline 0.002 -12"><span class='ocrx_word' id='word_1_172' title='bbox 345 1782 393 1821; x_wconf 79' lang='grc' dir='ltr'>τὰ</span> <span class='ocrx_word' id='word_1_173' title='bbox 411 1782 484 1831; x_wconf 81' lang='grc' dir='ltr'>μὲν</span> <span class='ocrx_word' id='word_1_174' title='bbox 504 1785 579 1822; x_wconf 85' lang='grc' dir='ltr'><strong>τῶν</strong></span> <span class='ocrx_word' id='word_1_175' title='bbox 600 1780 801 1831; x_wconf 85' lang='grc' dir='ltr'>ὀνομάτων</span> <span class='ocrx_word' id='word_1_176' title='bbox 823 1779 1018 1832; x_wconf 83' lang='grc' dir='ltr'>ἱστόρησε,</span> <span class='ocrx_word' id='word_1_177' title='bbox 1040 1783 1088 1822; x_wconf 78' lang='grc' dir='ltr'>τὰ</span> <span class='ocrx_word' id='word_1_178' title='bbox 1109 1783 1150 1823; x_wconf 81' lang='grc' dir='ltr'><strong>δὲ</strong></span> <span class='ocrx_word' id='word_1_179' title='bbox 1171 1783 1329 1825; x_wconf 89' lang='grc' dir='ltr'>τελείως</span> <span class='ocrx_word' id='word_1_180' title='bbox 1348 1783 1536 1823; x_wconf 86' lang='grc' dir='ltr'>ἔπλασεν.</span> 
     </span>
    </p>

    <p class='ocr_par' dir='ltr' id='par_1_11' title="bbox 343 1847 1783 2436">
     <span class='ocr_line' id='line_1_25' title="bbox 399 1847 1782 1904; baseline 0.001 -15"><span class='ocrx_word' id='word_1_181' title='bbox 399 1849 609 1900; x_wconf 83' lang='grc' dir='ltr'>Ἀμίστρης</span> <span class='ocrx_word' id='word_1_182' title='bbox 640 1847 781 1902; x_wconf 82' lang='lat' dir='ltr'><strong>steph.</strong></span> <span class='ocrx_word' id='word_1_183' title='bbox 810 1847 1170 1898; x_wconf 81' lang='lat' dir='ltr'><strong>consentientibus,</strong></span> <span class='ocrx_word' id='word_1_184' title='bbox 1192 1858 1239 1890; x_wconf 93' lang='lat' dir='ltr'><strong>ut</strong></span> <span class='ocrx_word' id='word_1_185' title='bbox 1263 1848 1438 1896; x_wconf 87' lang='lat' dir='ltr'><strong>videtur,</strong></span> <span class='ocrx_word' id='word_1_186' title='bbox 1460 1848 1669 1890; x_wconf 76' lang='lat' dir='ltr'><strong>codicibus</strong></span> <span class='ocrx_word' id='word_1_187' title='bbox 1696 1848 1782 1904; x_wconf 85' lang='lat' dir='ltr'><strong>ple·</strong></span> 
     </span>
     <span class='ocr_line' id='line_1_26' title="bbox 343 1913 1783 1969; baseline 0.001 -15"><span class='ocrx_word' id='word_1_188' title='bbox 343 1914 495 1969; x_wconf 88' lang='lat' dir='ltr'><strong>risque.</strong></span> <span class='ocrx_word' id='word_1_189' title='bbox 525 1913 769 1966; x_wconf 83' lang='grc' dir='ltr'>Ἀμνήστρης</span> <span class='ocrx_word' id='word_1_190' title='bbox 787 1913 889 1955; x_wconf 91' lang='lat' dir='ltr'><strong>Ald.</strong></span> <span class='ocrx_word' id='word_1_191' title='bbox 930 1913 1164 1967; x_wconf 88' lang='grc' dir='ltr'>Ἀμνίστρης</span> <span class='ocrx_word' id='word_1_192' title='bbox 1182 1918 1238 1958; x_wconf 92' lang='grc' dir='ltr'><strong>Ν.</strong></span> <span class='ocrx_word' id='word_1_193' title='bbox 1258 1925 1299 1957; x_wconf 89' lang='lat' dir='ltr'><strong>et</strong></span> <span class='ocrx_word' id='word_1_194' title='bbox 1323 1917 1492 1958; x_wconf 79' lang='lat' dir='ltr'><strong>Barocc.</strong></span> <span class='ocrx_word' id='word_1_195' title='bbox 1526 1915 1783 1956; x_wconf 82' lang='lat' dir='ltr'><strong>Probabilior</strong></span> 
     </span>
     <span class='ocr_line' id='line_1_27' title="bbox 345 1979 1781 2039; baseline 0.002 -18"><span class='ocrx_word' id='word_1_196' title='bbox 345 1980 519 2026; x_wconf 85' lang='lat' dir='ltr'><strong>nominis</strong></span> <span class='ocrx_word' id='word_1_197' title='bbox 546 1980 679 2021; x_wconf 80' lang='lat' dir='ltr'><strong>forma</strong></span> <span class='ocrx_word' id='word_1_198' title='bbox 697 1979 917 2032; x_wconf 89' lang='grc' dir='ltr'>Ἀμήστρης</span> <span class='ocrx_word' id='word_1_199' title='bbox 936 1995 1021 2021; x_wconf 86' lang='lat' dir='ltr'><strong>esse</strong></span> <span class='ocrx_word' id='word_1_200' title='bbox 1040 1982 1215 2033; x_wconf 86' lang='lat' dir='ltr'><strong>videtur,</strong></span> <span class='ocrx_word' id='word_1_201' title='bbox 1236 1998 1359 2039; x_wconf 86' lang='lat' dir='ltr'><strong>quam</strong></span> <span class='ocrx_word' id='word_1_202' title='bbox 1387 1983 1573 2025; x_wconf 81' lang='lat' dir='ltr'><strong>exhibuit</strong></span> <span class='ocrx_word' id='word_1_203' title='bbox 1599 1983 1724 2030; x_wconf 86' lang='lat' dir='ltr'><strong>Rob.‚</strong></span> <span class='ocrx_word' id='word_1_204' title='bbox 1748 1982 1781 2024; x_wconf 87' lang='lat' dir='ltr'><strong>si</strong></span> 
     </span>
     <span class='ocr_line' id='line_1_28' title="bbox 344 2048 1782 2107; baseline -0.001 -18"><span class='ocrx_word' id='word_1_205' title='bbox 344 2049 446 2104; x_wconf 88' lang='lat' dir='ltr'><strong>quid</strong></span> <span class='ocrx_word' id='word_1_206' title='bbox 466 2048 639 2090; x_wconf 86' lang='lat' dir='ltr'><strong>nominis</strong></span> <span class='ocrx_word' id='word_1_207' title='bbox 659 2048 869 2090; x_wconf 87' lang='lat' dir='ltr'><strong>muliebris</strong></span> <span class='ocrx_word' id='word_1_208' title='bbox 889 2048 1042 2090; x_wconf 83' lang='lat' dir='ltr'><strong>Persici</strong></span> <span class='ocrx_word' id='word_1_209' title='bbox 1058 2050 1273 2103; x_wconf 82' lang='grc' dir='ltr'>Ἀμηστρις</span> <span class='ocrx_word' id='word_1_210' title='bbox 1291 2049 1581 2107; x_wconf 79' lang='lat' dir='ltr'><strong>comparationi</strong></span> <span class='ocrx_word' id='word_1_211' title='bbox 1601 2049 1782 2091; x_wconf 82' lang='lat' dir='ltr'><strong>tribuen-</strong></span> 
     </span>
     <span class='ocr_line' id='line_1_29' title="bbox 344 2115 1783 2171; baseline -0.001 -14"><span class='ocrx_word' id='word_1_212' title='bbox 344 2115 461 2157; x_wconf 89' lang='lat' dir='ltr'><strong>dum.</strong></span> <span class='ocrx_word' id='word_1_213' title='bbox 493 2115 778 2167; x_wconf 83' lang='grc' dir='ltr'>“Ἀμίστρης,”</span> <span class='ocrx_word' id='word_1_214' title='bbox 790 2115 846 2156; x_wconf 84' lang='lat' dir='ltr'><strong>ait</strong></span> <span class='ocrx_word' id='word_1_215' title='bbox 863 2115 1111 2167; x_wconf 87' lang='lat' dir='ltr'><strong>Brunckius,</strong></span> <span class='ocrx_word' id='word_1_216' title='bbox 1128 2121 1152 2140; x_wconf 86' lang='lat'><strong>“</strong></span> <span class='ocrx_word' id='word_1_217' title='bbox 1167 2116 1274 2157; x_wconf 85' lang='lat' dir='ltr'><strong>idem</strong></span> <span class='ocrx_word' id='word_1_218' title='bbox 1291 2132 1376 2158; x_wconf 87' lang='lat' dir='ltr'><strong>esse</strong></span> <span class='ocrx_word' id='word_1_219' title='bbox 1394 2116 1572 2167; x_wconf 84' lang='lat' dir='ltr'><strong>videtur,</strong></span> <span class='ocrx_word' id='word_1_220' title='bbox 1584 2116 1656 2171; x_wconf 91' lang='lat' dir='ltr'><strong>qui</strong></span> <span class='ocrx_word' id='word_1_221' title='bbox 1675 2116 1783 2157; x_wconf 85' lang='lat' dir='ltr'><strong>infra</strong></span> 
     </span>
     <span class='ocr_line' id='line_1_30' title="bbox 345 2180 1783 2236; baseline 0.001 -14"><span class='ocrx_word' id='word_1_222' title='bbox 345 2197 384 2222; x_wconf 92' lang='lat' dir='ltr'><strong>v.</strong></span> <span class='ocrx_word' id='word_1_223' title='bbox 411 2194 509 2236; x_wconf 81' lang='lat'>320.</span> <span class='ocrx_word' id='word_1_224' title='bbox 538 2189 709 2222; x_wconf 87' lang='lat' dir='ltr'><strong>vocatur</strong></span> <span class='ocrx_word' id='word_1_225' title='bbox 733 2180 959 2234; x_wconf 77' lang='grc' dir='ltr'>”Αμηστρις,</span> <span class='ocrx_word' id='word_1_226' title='bbox 990 2182 1061 2224; x_wconf 90' lang='lat' dir='ltr'><strong>ubi</strong></span> <span class='ocrx_word' id='word_1_227' title='bbox 1090 2183 1182 2224; x_wconf 84' lang='lat' dir='ltr'><strong>libri</strong></span> <span class='ocrx_word' id='word_1_228' title='bbox 1210 2183 1278 2225; x_wconf 79' lang='lat' dir='ltr'><strong>alii</strong></span> <span class='ocrx_word' id='word_1_229' title='bbox 1301 2182 1517 2236; x_wconf 78' lang='grc' dir='ltr'>Ἄμιστρις,</span> <span class='ocrx_word' id='word_1_230' title='bbox 1548 2183 1616 2224; x_wconf 79' lang='lat' dir='ltr'><strong>alii</strong></span> <span class='ocrx_word' id='word_1_231' title='bbox 1641 2191 1783 2224; x_wconf 84' lang='lat' dir='ltr'><strong>contra</strong></span> 
     </span>
     <span class='ocr_line' id='line_1_31' title="bbox 345 2246 1782 2300; baseline -0.001 -11"><span class='ocrx_word' id='word_1_232' title='bbox 345 2259 522 2290; x_wconf 89' lang='lat' dir='ltr'><strong>metrum</strong></span> <span class='ocrx_word' id='word_1_233' title='bbox 562 2247 783 2300; x_wconf 86' lang='grc' dir='ltr'>Ἀμίστρης.</span> <span class='ocrx_word' id='word_1_234' title='bbox 846 2248 1033 2290; x_wconf 89' lang='lat' dir='ltr'><strong>Virorum</strong></span> <span class='ocrx_word' id='word_1_235' title='bbox 1073 2246 1248 2294; x_wconf 85' lang='lat' dir='ltr'><strong>nomina,</strong></span> <span class='ocrx_word' id='word_1_236' title='bbox 1286 2256 1416 2287; x_wconf 89' lang='lat' dir='ltr'><strong>metro</strong></span> <span class='ocrx_word' id='word_1_237' title='bbox 1453 2246 1699 2296; x_wconf 83' lang='lat' dir='ltr'><strong>refractaria,</strong></span> <span class='ocrx_word' id='word_1_238' title='bbox 1738 2246 1782 2287; x_wconf 92' lang='lat' dir='ltr'><strong>in</strong></span> 
     </span>
     <span class='ocr_line' id='line_1_32' title="bbox 344 2313 1782 2370; baseline -0.001 -14"><span class='ocrx_word' id='word_1_239' title='bbox 344 2315 528 2356; x_wconf 84' lang='lat' dir='ltr'><strong>ordinem</strong></span> <span class='ocrx_word' id='word_1_240' title='bbox 557 2314 741 2370; x_wconf 84' lang='lat' dir='ltr'><strong>cogenda</strong></span> <span class='ocrx_word' id='word_1_241' title='bbox 765 2324 894 2365; x_wconf 83' lang='lat' dir='ltr'><strong>erant,</strong></span> <span class='ocrx_word' id='word_1_242' title='bbox 916 2326 962 2357; x_wconf 93' lang='lat' dir='ltr'><strong>ut</strong></span> <span class='ocrx_word' id='word_1_243' title='bbox 990 2315 1125 2358; x_wconf 85' lang='lat' dir='ltr'><strong>versui</strong></span> <span class='ocrx_word' id='word_1_244' title='bbox 1153 2313 1284 2370; x_wconf 80' lang='lat' dir='ltr'><strong>aptari</strong></span> <span class='ocrx_word' id='word_1_245' title='bbox 1312 2323 1490 2370; x_wconf 85' lang='lat' dir='ltr'><strong>possent.</strong></span> <span class='ocrx_word' id='word_1_246' title='bbox 1548 2313 1628 2362; x_wconf 83' lang='lat' dir='ltr'><strong>Qui</strong></span> <span class='ocrx_word' id='word_1_247' title='bbox 1655 2313 1782 2368; x_wconf 88' lang='lat' dir='ltr'><strong>vulgo</strong></span> 
     </span>
     <span class='ocr_line' id='line_1_33' title="bbox 344 2378 1628 2436; baseline -0.001 -14"><span class='ocrx_word' id='word_1_248' title='bbox 344 2381 624 2434; x_wconf 85' lang='grc' dir='ltr'>Ἀρταφέρνης,</span> <span class='ocrx_word' id='word_1_249' title='bbox 646 2381 899 2436; x_wconf 86' lang='lat' dir='ltr'><strong>transpositis</strong></span> <span class='ocrx_word' id='word_1_250' title='bbox 917 2381 1043 2422; x_wconf 89' lang='lat' dir='ltr'><strong>literis</strong></span> <span class='ocrx_word' id='word_1_251' title='bbox 1059 2378 1326 2433; x_wconf 85' lang='grc' dir='ltr'>Ἀρταφρένης</span> <span class='ocrx_word' id='word_1_252' title='bbox 1345 2379 1426 2421; x_wconf 89' lang='lat' dir='ltr'><strong>dici</strong></span> <span class='ocrx_word' id='word_1_253' title='bbox 1445 2378 1628 2421; x_wconf 72' lang='lat' dir='ltr'><strong>debuit.”</strong></span> 
     </span>
    </p>

    <p class='ocr_par' dir='ltr' id='par_1_12' title="bbox 346 2444 1784 2770">
     <span class='ocr_line' id='line_1_34' title="bbox 403 2444 1784 2503; baseline 0.001 -16"><span class='ocrx_word' id='word_1_254' title='bbox 403 2445 686 2501; x_wconf 85' lang='grc' dir='ltr'>Ἀρταφρένης]</span> <span class='ocrx_word' id='word_1_255' title='bbox 735 2445 1001 2500; x_wconf 84' lang='grc' dir='ltr'>Ἀρταφέρνης</span> <span class='ocrx_word' id='word_1_256' title='bbox 1051 2448 1234 2503; x_wconf 89' lang='lat' dir='ltr'><strong>quinque</strong></span> <span class='ocrx_word' id='word_1_257' title='bbox 1281 2445 1449 2488; x_wconf 85' lang='lat' dir='ltr'><strong>codices.</strong></span> <span class='ocrx_word' id='word_1_258' title='bbox 1516 2444 1784 2498; x_wconf 88' lang='grc' dir='ltr'>Ἀρταφρένης</span> 
     </span>
     <span class='ocr_line' id='line_1_35' title="bbox 348 2512 1782 2568; baseline -0.001 -13"><span class='ocrx_word' id='word_1_259' title='bbox 348 2513 575 2568; x_wconf 87' lang='lat' dir='ltr'><strong>AEschylus</strong></span> <span class='ocrx_word' id='word_1_260' title='bbox 604 2528 685 2553; x_wconf 91' lang='lat' dir='ltr'><strong>non</strong></span> <span class='ocrx_word' id='word_1_261' title='bbox 713 2512 843 2554; x_wconf 86' lang='lat' dir='ltr'><strong>solum</strong></span> <span class='ocrx_word' id='word_1_262' title='bbox 875 2515 993 2555; x_wconf 88' lang='lat' dir='ltr'><strong>metri</strong></span> <span class='ocrx_word' id='word_1_263' title='bbox 1019 2530 1174 2565; x_wconf 83' lang='lat' dir='ltr'><strong>caussa,</strong></span> <span class='ocrx_word' id='word_1_264' title='bbox 1203 2514 1273 2555; x_wconf 90' lang='lat' dir='ltr'><strong>sed</strong></span> <span class='ocrx_word' id='word_1_265' title='bbox 1307 2514 1427 2556; x_wconf 86' lang='lat' dir='ltr'><strong>etiam</strong></span> <span class='ocrx_word' id='word_1_266' title='bbox 1454 2529 1506 2555; x_wconf 82' lang='lat' dir='ltr'><strong>ex</strong></span> <span class='ocrx_word' id='word_1_267' title='bbox 1540 2514 1782 2555; x_wconf 84' lang='lat' dir='ltr'><strong>Graecorum</strong></span> 
     </span>
     <span class='ocr_line' id='line_1_36' title="bbox 347 2579 1783 2636; baseline 0 -16"><span class='ocrx_word' id='word_1_268' title='bbox 347 2579 642 2625; x_wconf 81' lang='lat' dir='ltr'><strong>consuetudine</strong></span> <span class='ocrx_word' id='word_1_269' title='bbox 690 2579 808 2630; x_wconf 82' lang='lat' dir='ltr'><strong>dixit,</strong></span> <span class='ocrx_word' id='word_1_270' title='bbox 848 2580 1013 2621; x_wconf 83' lang='lat' dir='ltr'><strong>nomina</strong></span> <span class='ocrx_word' id='word_1_271' title='bbox 1060 2582 1223 2623; x_wconf 84' lang='lat' dir='ltr'><strong>Persica</strong></span> <span class='ocrx_word' id='word_1_272' title='bbox 1263 2581 1420 2623; x_wconf 86' lang='lat' dir='ltr'><strong>Graecis</strong></span> <span class='ocrx_word' id='word_1_273' title='bbox 1457 2589 1657 2636; x_wconf 85' lang='lat' dir='ltr'><strong>quantum</strong></span> <span class='ocrx_word' id='word_1_274' title='bbox 1696 2579 1783 2621; x_wconf 86' lang='lat' dir='ltr'><strong>fieri</strong></span> 
     </span>
     <span class='ocr_line' id='line_1_37' title="bbox 346 2645 1783 2703; baseline 0.001 -16"><span class='ocrx_word' id='word_1_275' title='bbox 346 2655 482 2702; x_wconf 89' lang='lat' dir='ltr'><strong>potest</strong></span> <span class='ocrx_word' id='word_1_276' title='bbox 509 2645 842 2687; x_wconf 87' lang='lat' dir='ltr'><strong>assimilantium:</strong></span> <span class='ocrx_word' id='word_1_277' title='bbox 873 2646 925 2688; x_wconf 88' lang='lat' dir='ltr'><strong>de</strong></span> <span class='ocrx_word' id='word_1_278' title='bbox 953 2662 1038 2702; x_wconf 90' lang='lat' dir='ltr'><strong>quo</strong></span> <span class='ocrx_word' id='word_1_279' title='bbox 1066 2663 1104 2688; x_wconf 90' lang='lat' dir='ltr'><strong>v.</strong></span> <span class='ocrx_word' id='word_1_280' title='bbox 1126 2647 1306 2689; x_wconf 88' lang='lat' dir='ltr'><strong>Boeckh.</strong></span> <span class='ocrx_word' id='word_1_281' title='bbox 1329 2647 1611 2703; x_wconf 82' lang='lat' dir='ltr'><strong>Corp..Insc1-.</strong></span> <span class='ocrx_word' id='word_1_282' title='bbox 1643 2647 1722 2687; x_wconf 91' lang='lat' dir='ltr'><strong>vol.</strong></span> <span class='ocrx_word' id='word_1_283' title='bbox 1745 2658 1783 2688; x_wconf 82' lang='lat'><strong>2.</strong></span> 
     </span>
     <span class='ocr_line' id='line_1_38' title="bbox 346 2712 1784 2770; baseline -0.001 -16"><span class='ocrx_word' id='word_1_284' title='bbox 346 2728 387 2769; x_wconf 88' lang='lat' dir='ltr'><strong>p.</strong></span> <span class='ocrx_word' id='word_1_285' title='bbox 412 2723 504 2766; x_wconf 87' lang='lat'>117.</span> <span class='ocrx_word' id='word_1_286' title='bbox 534 2712 863 2768; x_wconf 85' lang='lat' dir='ltr'><strong>“Artaphernes</strong></span> <span class='ocrx_word' id='word_1_287' title='bbox 890 2714 1072 2768; x_wconf 87' lang='lat' dir='ltr'><strong>quidam,</strong></span> <span class='ocrx_word' id='word_1_288' title='bbox 1104 2714 1378 2770; x_wconf 86' lang='lat' dir='ltr'><strong>Artaphernis</strong></span> <span class='ocrx_word' id='word_1_289' title='bbox 1407 2714 1465 2755; x_wconf 89' lang='lat' dir='ltr'><strong>fil.</strong></span> <span class='ocrx_word' id='word_1_290' title='bbox 1495 2713 1711 2770; x_wconf 88' lang='lat' dir='ltr'><strong>Lydorum</strong></span> <span class='ocrx_word' id='word_1_291' title='bbox 1742 2722 1784 2754; x_wconf 88' lang='lat' dir='ltr'><strong>et</strong></span> 
     </span>
    </p>
   </div>
   <div class='ocr_carea' id='block_1_3' title="bbox 348 2779 1784 2887">
    <p class='ocr_par' dir='ltr' id='par_1_13' title="bbox 348 2779 1784 2887">
     <span class='ocr_line' id='line_1_39' title="bbox 348 2779 1784 2836; baseline 0.001 -17"><span class='ocrx_word' id='word_1_292' title='bbox 348 2780 567 2835; x_wconf 87' lang='lat' dir='ltr'><strong>Mysorum</strong></span> <span class='ocrx_word' id='word_1_293' title='bbox 586 2779 674 2820; x_wconf 84' lang='lat' dir='ltr'><strong>dux</strong></span> <span class='ocrx_word' id='word_1_294' title='bbox 694 2779 734 2820; x_wconf 91' lang='lat' dir='ltr'><strong>in</strong></span> <span class='ocrx_word' id='word_1_295' title='bbox 754 2779 831 2821; x_wconf 88' lang='lat' dir='ltr'><strong>bac</strong></span> <span class='ocrx_word' id='word_1_296' title='bbox 850 2780 1109 2836; x_wconf 88' lang='lat' dir='ltr'><strong>expeditione</strong></span> <span class='ocrx_word' id='word_1_297' title='bbox 1128 2790 1377 2822; x_wconf 87' lang='lat' dir='ltr'><strong>memoratur</strong></span> <span class='ocrx_word' id='word_1_298' title='bbox 1397 2781 1613 2823; x_wconf 88' lang='lat' dir='ltr'><strong>Herodoto</strong></span> <span class='ocrx_word' id='word_1_299' title='bbox 1634 2790 1673 2834; x_wconf 86' lang='lat'><strong>7,</strong></span> <span class='ocrx_word' id='word_1_300' title='bbox 1689 2780 1784 2834; x_wconf 81' lang='lat'><em>74.&#39;&#39;</em></span> 
     </span>
     <span class='ocr_line' id='line_1_40' title="bbox 350 2844 566 2887; baseline -0.009 0"><span class='ocrx_word' id='word_1_301' title='bbox 350 2844 566 2887; x_wconf 89' lang='lat' dir='ltr'><strong>STANL.</strong></span> 
     </span>
    </p>
   </div>
  </div>
 </body>
</html>
