1898 3256
354 236 409 277 62
822 237 1314 277 ANNOTATIONES

352 345 529 394 δεικνύει,
549 345 662 399 quod
683 345 804 386 habet
826 346 882 395 D,
903 346 968 386 vel
995 349 1073 388 τοῖς
1101 346 1221 397 πάρος
1240 348 1343 387 θεοῖς
1362 346 1569 391 δείκνυσιν,
1590 343 1701 399 quod
1723 354 1782 384 est

351 411 393 451 in
415 411 588 452 Vindob.
609 421 756 467 quarto
775 422 815 452 et
834 411 936 452 Ald.
960 413 1091 452 Turn.

409 477 569 531 αἰχμάν]
591 477 733 531 αἰχμήν
753 478 816 518 Μ.
837 477 986 532 aliique
1007 477 1201 517 nonnulli.

407 543 504 594 408.
523 543 855 597 μεγαλοσχήμονά
874 542 926 598 τ’]
947 542 1263 595 μεγαλοσχήμων
1283 541 1339 583 ἅτ’
1363 542 1466 582 Ald.

407 622 507 665 409.
539 610 721 650 στένουσι
752 611 816 650 Μ.
844 618 885 650 et
911 609 1089 649 Vindob.
1121 607 1278 663 primus
1309 618 1350 648 et
1376 607 1519 648 tertius
1548 622 1640 648 cum
1674 607 1782 647 Rob.

353 675 491 731 Vulgo
510 675 719 724 στένουσα,
740 675 852 730 quod
882 674 1035 714 librarii
1063 683 1289 730 posuerunt
1308 689 1388 714 non
1418 674 1785 714 animadvertentes

350 744 537 795 πρόπασα
554 744 663 796 χώρα
682 757 774 782 cum
796 742 944 797 plurali
965 741 1227 796 conjunctum
1248 755 1333 780 esse
1353 740 1549 780 στένουσι.

407 823 503 860 410.
534 809 838 862 ξυνομαιμόνων]
860 809 1073 848 Atlantem
1102 816 1142 847 et
1173 806 1417 847 Menoetium
1449 805 1637 861 intelligit
1666 805 1782 845 scho-

351 875 485 916 liastes
503 875 723 930 antiquior,
742 873 952 914 Atlantem
975 883 1013 913 et
1032 872 1269 928 Typhoeum
1292 872 1404 913 alter.
1445 874 1684 926 Utrumque
1703 871 1782 911 diei

352 951 496 996 potest.
542 940 783 996 Apollodor.
818 953 855 989 Ι,
886 952 922 979 2.
952 939 1128 980 Ἰαπετοῦ
1161 940 1203 978 δὲ
1235 939 1298 979 καὶ
1329 938 1467 981 Ἀσίας
1499 942 1564 989 τῆς
1588 938 1782 978 Ὠκεανοῦ

346 1007 550 1057 ΗΑτλας,
534 1024 575 1049 ος
605 1007 687 1059 ἔχει
713 1010 792 1048 τοῖς
813 1006 927 1056 ὤμοις
955 1005 1024 1045 τὸν
1045 1006 1222 1056 οὐρανόν·
1255 1005 1316 1044 καὶ
1336 1005 1562 1057 Προμηθεὺς
1591 1005 1653 1045 καὶ
1675 1003 1783 1044 Ἐπι-

350 1073 491 1124 μηθεὺς
523 1075 584 1114 καὶ
621 1074 839 1121 Μενοίτιος,
875 1072 921 1112 ὃν
955 1072 1198 1123 κεραυνώσας
1232 1073 1275 1112 ἐν
1309 1074 1353 1127 τῇ
1386 1073 1652 1125 Τιτανομαχία
1686 1070 1783 1112 Ζεὺς

352 1140 701 1192 κατεταρτάρωσεν.
762 1137 883 1187 Quod
922 1137 974 1177 ad
1013 1137 1252 1192 Typhoeum
1287 1147 1452 1192 spectat,
1474 1139 1601 1191 filius
1634 1137 1783 1177 dicitur

358 1207 503 1246 Terrae
523 1221 559 1246 v,
580 1216 675 1259 351.
698 1215 744 1245 ut
763 1214 803 1245 et
821 1205 908 1259 ipse
928 1203 1197 1244 Prometheus
1218 1219 1255 1244 v.
1280 1216 1372 1244 210.
1408 1204 1626 1244 STANL.
1675 1207 1782 1253 ξυνο-

350 1274 536 1323 μαίμονες
564 1271 682 1311 nimis
711 1280 883 1326 anguste
902 1270 1121 1325 exponitur
1138 1271 1191 1310 ab
1214 1270 1274 1321 iis,
1294 1270 1366 1325 qui
1386 1270 1596 1310 Atlantem
1625 1280 1665 1310 et
1686 1270 1779 1309 Me-

352 1338 520 1378 noetium
542 1338 687 1378 fratres
708 1337 955 1386 Promethei,
975 1344 1046 1376 aut
1067 1335 1278 1377 Atlantem
1301 1345 1342 1377 et
1362 1337 1610 1392 Typhoeum
1638 1335 1782 1375 intelli-

350 1415 469 1460 gunt.
511 1405 664 1445 Omnes
683 1404 788 1444 enim
813 1404 983 1444 Titanes
1004 1404 1079 1443 hoc
1099 1401 1297 1443 vocabulo
1317 1402 1595 1458 designantur.
1631 1402 1762 1442 SCH.

406 1484 502 1525 413.
546 1475 653 1511 σοῖσι
690 1486 738 1510 ex
779 1470 935 1524 aliquot
969 1468 1176 1510 codicibus
1212 1470 1430 1509 Porsonus.
1487 1468 1779 1509 Revocandum

350 1537 461 1592 quod
492 1537 533 1577 in
563 1537 765 1592 plerisque
795 1546 854 1576 cst
884 1540 981 1582 σοῖς,
1013 1544 1053 1576 et
1082 1535 1123 1574 in
1150 1549 1278 1574 unum
1309 1549 1468 1574 versum
1497 1534 1783 1589 conjungenda

351 1603 474 1644 verba
492 1603 832 1645 Ἀσίας--θνατοί.
887 1603 991 1642 Nam
1015 1604 1150 1642 θνατοί
1168 1616 1242 1655 pro
1262 1603 1396 1652 θνητοί
1412 1610 1518 1641 recte
1538 1601 1693 1655 praebet
1713 1601 1778 1640 M.

402 1672 498 1720 416.
519 1669 721 1723 παρθένοι]
742 1670 984 1708 Amazones.

405 1735 534 1789 μάχας
561 1737 623 1775 Μ.
651 1735 815 1790 aliique.
861 1733 944 1775 Alii
972 1732 1126 1787 μάχαις,
1155 1733 1265 1789 quod
1297 1743 1356 1774 est
1385 1734 1425 1773 in
1454 1735 1626 1774 A.B.D.
1651 1732 1783 1786 μάχαν

351 1802 458 1842 Rob.
480 1801 606 1855 μάχης
625 1801 724 1842 Ald.
774 1801 887 1841 Nihil
909 1801 959 1841 ad
975 1801 1240 1856 judicandam
1261 1800 1365 1840 hanc
1385 1801 1594 1855 scripturae
1614 1799 1780 1840 diversi-

351 1877 474 1909 tatem
505 1868 661 1908 confert
691 1883 831 1908 versus
864 1868 1074 1923 Sophoclis
1102 1868 1155 1908 ab
1186 1866 1429 1907 Blomfieldo
1457 1866 1630 1907 collatus
1661 1866 1779 1921 Ajac.

349 1935 446 1988 364.
467 1935 535 1975 τὸν
556 1937 599 1975 ἐν
619 1933 738 1976 δαΐοις
758 1935 946 1986 ἄτρεστον
964 1933 1118 1987 μάχαις.
1169 1935 1362 1974 Ceterum
1381 1933 1510 1987 μάχας
1529 1949 1610 1974 non
1638 1933 1782 1989 geniti-

349 2015 427 2040 vus
445 2010 519 2049 est,
540 2001 612 2055 qui
632 2000 828 2040 Elmsleio
847 2000 1075 2049 videbatur,
1096 2000 1164 2040 sed
1186 2000 1452 2040 accusativus.

406 2080 503 2120 419.
534 2068 654 2106 τόπον
676 2068 738 2106 Μ.
759 2066 909 2121 aliique
932 2075 972 2107 et
994 2066 1100 2106 Rob.
1146 2067 1267 2117 πόρον
1288 2067 1423 2105 Turn.
1469 2067 1660 2120 Utroque
1689 2081 1780 2106 con-

343 2133 491 2188 juncto
511 2134 631 2174 τόπον
649 2134 771 2185 πόρον
789 2132 889 2173 Ald.
924 2138 952 2156 “
967 2133 1182 2188 Aristoph.
1206 2133 1280 2172 Av.
1305 2142 1398 2185 245.
1423 2133 1499 2172 ὅσα
1525 2133 1558 2171 τ’
1578 2133 1782 2184 εὐδρόσους

350 2216 394 2240 τε
419 2202 494 2250 Γῆς
522 2201 661 2241 τόπους
691 2200 812 2252 ἔχετε.
845 2199 994 2254 Eurip.
1015 2199 1128 2254 apud
1159 2199 1293 2239 Strab.
1315 2213 1357 2253 p.
1379 2200 1474 2238 616.
1497 2199 1619 2239 ναίειν
1641 2201 1781 2239 Κελαί-

351 2282 421 2308 νας
442 2264 623 2318 ἐσχάτοις
636 2264 740 2316 Ἴδης
758 2266 899 2308 τόποις.
935 2272 946 2290 ‘
965 2267 1015 2306 In
1036 2265 1211 2314 talibus‚'
1231 2265 1365 2320 inquit
1386 2264 1578 2305 Valcken.
1598 2265 1649 2305 ad
1672 2265 1784 2320 Hip-

349 2332 433 2388 pol.
466 2343 585 2386 1053.
616 2331 879 2387 ‘frequenter
907 2334 1036 2372 τόπων
1064 2331 1336 2372 meminerunt
1367 2331 1524 2386 tragici,
1557 2332 1780 2387 praesertim

351 2397 599 2453 AEschylus;
631 2413 681 2438 ex
702 2413 786 2453 quo
806 2401 1028 2449 Σαλαμῖνος
1056 2399 1210 2444 τόπους,
1232 2398 1398 2439 Αὐλίδος
1426 2397 1577 2446 τόπους,
1599 2397 1782 2440 Πέλοπος

350 2465 471 2506 τόπον
497 2464 676 2506 enotavit
710 2464 912 2505 Abresch.
944 2464 1084 2504 Anim.
1115 2463 1165 2503 ad
1199 2464 1341 2504 AEsch.
1377 2477 1409 2503 1.
1437 2479 1472 2504 c.
1501 2477 1569 2518 32.
1604 2479 1645 2519 p.
1677 2465 1784 2518 232.'

352 2531 463 2573 Citat
477 2531 561 2572 v.d.
580 2531 705 2586 Soph.
722 2531 874 2571 Trach.
889 2544 905 2570 1
917 2544 933 2570 1
945 2531 1009 2570 16.
1027 2528 1216 2581 δράκοντα
1229 2530 1363 2580 μήλων
1375 2530 1514 2582 φύλακ’
1531 2529 1587 2570 ἐπ’
1605 2530 1784 2583 ἐσχάτοις

350 2597 493 2647 τόποις,
521 2608 562 2638 et
589 2597 715 2652 hujus
742 2596 894 2637 fabulae
915 2612 952 2637 v.
973 2598 1072 2651 356.
1104 2596 1199 2647 πρὸς
1230 2596 1417 2648 ἑσπέρους
1444 2596 1593 2639 τόπους.
1643 2597 1782 2651 Adjici

351 2673 484 2720 potest
504 2663 700 2719 Diphilus
720 2662 913 2703 Athenaei
935 2664 972 2703 6.
996 2678 1035 2717 p.
1060 2674 1136 2716 223
1161 2664 1216 2702 A.
1232 2661 1289 2701 '⁹ss
1308 2661 1409 2703 τόνδ’
1430 2664 1696 2703 ἐποπτεύουσα
1723 2664 1783 2703 καὶ

352 2730 559 2781 κεκτημένη
580 2734 804 2782 Βραυρῶνος
834 2732 936 2782 ἱεροῦ
961 2728 1270 2781 θεοφιλέστατον
1296 2727 1429 2775 τόπον,
1452 2733 1599 2780 Λητοῦς
1619 2727 1713 2771 Διός
1741 2746 1783 2769 τε

350 2795 561 2846 τοξόδαμνε
580 2795 761 2848 παρθένε,
784 2795 858 2838 Ὡς
878 2798 916 2836 οἱ
935 2796 1126 2850 τραγῳδοί
1142 2802 1280 2847 φασιν,
1303 2797 1358 2838 οἷς
1385 2796 1540 2845 ἐξουσία
1555 2794 1695 2836 Ἔστιν
1713 2794 1779 2834 λε’-

351 2880 437 2916 γειν
457 2863 608 2902 ἅπαντα
629 2864 691 2903 καὶ
710 2867 835 2903 ποιεῖν
855 2861 1025 2913 μόνοις.”
1058 2862 1283 2901 BLOMF.

407 2918 711 2980 420.''Apasscas
730 2929 761 2968 r*
781 2929 911 2979 ἄρειον
928 2928 1060 2981 ἄνθος]
1089 2929 1195 2967 Cum
1219 2936 1302 2968 tota
1321 2927 1431 2967 chori
1452 2925 1580 2966 oratio
1600 2925 1638 2965 in
1661 2926 1782 2965 maris
