1898 3256
363 207 448 248 304
835 211 1325 252 ANNOTATIONES

353 317 510 372 pontis.
547 318 675 357 SCH.
730 321 888 366 Κόλπον
918 320 1183 373 Προποντίδος
1211 327 1328 360 vocat
1356 317 1552 374 Apollon.
1588 318 1725 360 Rhod.
1757 333 1793 370 1,

364 383 460 437 983.
492 383 719 425 BLOMF.

420 450 515 501 878.
565 452 765 505 στόμωμα]
814 451 1035 501 Introitus,
1071 451 1241 505 fizuces.
1324 450 1515 506 Intellige
1563 451 1793 505 Bosporum

364 515 627 557 Thracicum.
690 517 756 557 Sic
776 517 924 572 Eurip.
948 517 1073 557 Rhes.
1093 519 1191 571 436.
1211 516 1288 567 ἥκω
1307 516 1482 569 περάσας
1503 518 1616 558 ναυσὶ
1635 519 1794 558 πόντιον

361 583 501 633 στόμα.
529 582 723 637 Apollon.
750 583 888 623 Rhod.
909 596 943 632 J,
970 596 1087 635 1114.
1119 583 1280 635 φαίνετο
1310 582 1340 623 δ’
1370 583 1507 635 ἠερόεν
1536 584 1662 634 στόμα
1691 587 1791 623 Βοσ-

359 650 491 700 πόρου.
523 649 697 704 Dionys.
729 648 889 703 Perieg.
912 661 1002 700 140.
1033 652 1078 703 τῇ
1108 648 1138 689 δ’
1171 649 1233 689 ἔπι
1264 648 1449 701 Θρηΐκιον
1484 651 1610 701 στόμα
1639 650 1791 690 Βοσπό-

358 731 442 766 ρου.
492 715 701 756 Theocrit.
745 727 811 764 22,
854 715 920 757 28.
968 715 1170 767 νιφόεντος
1208 715 1420 767 ἀταρτηρὸν
1458 717 1584 767 στόμα
1622 717 1791 757 Πόντου.

361 781 591 821 BLOMF.

416 848 601 898 στόμωμα
621 848 685 887 Μ.
709 855 751 887 et
779 855 861 887 tres
888 846 955 887 alii
980 861 1074 887 cum
1099 847 1207 888 Rob.
1239 849 1365 899 στόμα
1391 847 1509 888 codd.
1537 848 1723 903 plerique
1751 857 1792 888 et

360 912 462 953 Ald.
485 914 621 954 Turn.

417 991 512 1044 879.
531 991 590 1046 αἳ]
614 992 654 1031 αἱ
675 989 924 1030 Brunckius.

417 1058 513 1097 κατὰ
546 1056 660 1109 πρῶν’
697 1057 812 1097 ἅλιον
839 1057 1102 1110 περίκλυστοι]
1136 1056 1279 1097 Innuit
1309 1057 1560 1112 peninsulam
1593 1058 1788 1108 Ionicam‚

359 1121 466 1162 Chio
485 1121 729 1176 oppositam.
762 1122 988 1162 BLOMF.

417 1199 513 1253 883.
534 1200 597 1240 οἵα
619 1199 873 1240 Schuetzius.
905 1200 968 1240 οἶα
988 1200 1127 1255 vulgo.

416 1276 510 1330 885.
536 1276 730 1330 Μύκονος]
753 1277 899 1317 Μύκων
918 1276 1073 1331 aliquot
1092 1277 1209 1318 codd.
1231 1287 1272 1318 et
1290 1278 1398 1319 Rob.
1432 1280 1602 1322 Μύκονις
1622 1278 1719 1320 Ald.

416 1365 509 1405 888.
526 1363 708 1418 Ἀνδρος]
729 1332 879 1416 ἆνδρέἷν
900 1365 966 1404 Μ.

414 1443 507 1496 889.
532 1442 728 1496 ἐκράτυνε]
751 1443 933 1495 ἐκράτηνε
953 1443 1052 1484 Ald.
1075 1443 1181 1483 Rob.

411 1508 626 1560 μεσάκτους
646 1509 758 1549 Α.Β.
786 1508 935 1563 aliique
964 1508 1148 1549 nonnulli
1178 1523 1270 1549 cum
1293 1508 1393 1549 Ald.
1418 1508 1526 1549 Rob.
1557 1510 1690 1550 Turn.
1720 1527 1786 1562 με-

355 1575 546 1627 σάγκτους
573 1574 714 1629 Steph.
734 1584 789 1624 et,
812 1581 858 1615 ut
878 1574 1053 1625 videtur,
1076 1590 1170 1630 pars
1194 1575 1392 1616 codicum.
1452 1577 1534 1615 Per
1559 1577 1789 1627 μεσακτίους

352 1639 643 1695 interpretatur
663 1639 886 1681 scholiasta.
937 1646 962 1665 “
985 1643 1230 1683 Μεσακτίους
1248 1640 1374 1696 igitur
1394 1641 1466 1681 has
1485 1641 1636 1682 insulas
1655 1641 1788 1682 dicere

351 1706 486 1761 potuit
524 1716 658 1761 poeta,
691 1706 787 1760 quia
823 1707 947 1757 μέσον
980 1707 1284 1762 quodammodo
1316 1707 1501 1748 obtinent
1533 1707 1639 1748 inter
1672 1707 1785 1748 Asiae

356 1772 632 1827 Thraciaeque
649 1772 775 1815 ἀκτάς.
835 1772 1061 1828 Epitheton
1088 1774 1195 1814 enim
1221 1774 1298 1815 hoc
1324 1774 1375 1815 ad
1398 1775 1603 1814 Lemnum
1631 1783 1671 1815 et
1692 1775 1786 1815 Ica-

355 1838 455 1878 riam
488 1848 647 1879 tantum
678 1839 866 1893 pertinet,
898 1849 938 1880 et
967 1840 1020 1880 ad
1050 1840 1112 1881 καὶ
1139 1840 1275 1881 Ῥόδον
1304 1840 1429 1895 repeti
1456 1841 1532 1881 ἀπὸ
1561 1844 1628 1881 τοῦ
1658 1845 1787 1882 κοινοῦ

355 1904 476 1945 debet
497 1906 714 1957 ἐκράτυνε.”
745 1907 987 1947 ΗΕΑΤΗ.

414 1972 508 2025 890.
541 1972 640 2026 ἕδος]
663 1972 753 2015 ἕλος
775 1973 917 2028 steph.
978 1973 1099 2022 Quod
1119 1973 1260 2028 legisse
1281 1973 1444 2014 videtur
1469 1973 1693 2024 scholiasta,
1714 1974 1787 2028 qui

353 2037 504 2090 Ἰκάρου
525 2039 593 2079 τὸν
614 2040 790 2079 κλύδωνα
810 2039 1111 2092 interpretatur.

413 2104 506 2157 891.
530 2105 591 2145 καὶ
610 2104 760 2159 Ῥόδον]
785 2105 986 2159 Dactylus
1006 2119 1086 2145 non
1107 2105 1300 2146 ferendus
1314 2104 1354 2145 in
1375 2105 1473 2146 basi.
1517 2105 1785 2146 scribendum

350 2168 490 2210 Ῥόδον
509 2169 540 2209 τ’
562 2185 653 2210 cum
679 2172 919 2211 Hermanno
939 2170 1072 2211 Elem.
1094 2171 1223 2212 doctr.
1246 2180 1361 2211 metr.
1385 2185 1425 2225 p.
1445 2172 1540 2225 364.

412 2235 507 2290 895.
538 2239 756 2287 Σαλαμῖνα,
788 2236 979 2277 nimirum
1008 2237 1118 2278 illam
1150 2236 1316 2286 Teucri,
1344 2246 1500 2292 patrem
1530 2237 1786 2293 patriamque

352 2300 548 2356 fugientis
576 2301 618 2342 in
649 2303 790 2357 Cypro
819 2302 1028 2344 coloniam.
1089 2303 1195 2344 Inde
1224 2303 1401 2344 Athenae
1435 2303 1628 2345 dicuntur
1661 2305 1786 2361 hujus

355 2367 570 2408 Salaminis
587 2370 834 2421 ματρόπολις.
864 2370 994 2409 SCH.

409 2436 477 2476 τᾶς
496 2435 675 2475 Α.Β.Μ.
695 2434 856 2489 aliique.
887 2438 952 2486 τῆς
971 2435 1109 2490 vulgo.

407 2500 658 2554 ματρόπολις]
678 2502 935 2553 ματροπόλεις
956 2502 1020 2541 Μ.
1044 2502 1177 2542 Viteb.

411 2566 505 2618 896.
528 2571 757 2619 στεναγμῶν
778 2568 1055 2609 Hermannus.
1086 2569 1362 2621 στεναγμάτων
1382 2569 1484 2610 libri.

410 2632 504 2686 898.
524 2631 693 2673 Ἰαόνιον
713 2634 989 2674 Hermannus.
1050 2635 1289 2690 Legebatur
1305 2635 1457 2677 Ἰόνιον.

410 2699 507 2752 899.
541 2697 767 2753 Ἑλλάνων]
797 2697 1004 2749 Ἑλλήνων
1035 2700 1135 2741 Ald.
1174 2702 1307 2742 Turn.
1369 2702 1634 2743 Scribendum
1672 2704 1784 2743 ἐλαύ-

354 2780 431 2804 νων
479 2779 529 2804 ex
581 2764 775 2806 Cantabr.
832 2766 1023 2817 secundo,
1081 2767 1220 2808 Guelf.
1274 2767 1443 2823 aliisque
1491 2768 1696 2810 nonnullis
1743 2776 1785 2809 et

353 2830 460 2870 Rob.

410 2896 610 2950 ἐκράτυνε]
636 2897 841 2948 ἐκράτυνεν
860 2898 925 2939 Μ.
960 2898 1140 2940 Verbum
1162 2899 1237 2940 hoc
1257 2899 1347 2955 ejici
1362 2900 1490 2942 voluit
1506 2901 1782 2951 Hermannus,
