1898 3256
545 211 635 251 AD
668 208 1145 250 PROMETHEUM.
1524 210 1582 253 39

111 319 291 362 πέπονθα
321 322 342 361 ὁ
373 322 630 373 κακοδαίμων,
652 321 768 362 οὐδὲν
789 320 922 360 δεινὸν
953 319 1227 372 εἰργασμένος.
1260 320 1367 361 conf.
1391 336 1430 362 v,
1459 332 1581 375 1127.

110 388 243 429 Recte
273 401 413 430 monet
442 388 659 430 scholiasta
686 387 740 428 ad
771 386 882 428 hunc
914 386 1067 437 locum,
1100 397 1257 428 veteres
1286 389 1416 429 solere
1443 388 1582 429 omnia

110 455 313 497 elementa
335 457 497 498 testari:
530 455 664 497 rarius
684 465 823 497 tamen
843 465 987 496 ventos
1017 462 1060 496 et
1084 470 1206 496 auras
1236 455 1454 502 invocant;
1489 455 1581 497 Vir-

109 522 183 578 gil.
205 524 306 564 AEn.
327 534 368 577 7,
383 534 483 578 593.
515 523 624 565 Ciris
643 537 741 576 407.
762 522 814 564 cf.
838 522 964 564 Misc.
983 523 1083 565 Obs.
1106 536 1140 565 1.
1157 538 1197 580 p.
1214 537 1312 577 229.
1345 524 1579 565 BLOMF.

170 605 238 646 91.
258 593 479 648 πανόπτην]
506 593 576 633 Ita
593 591 784 648 Choeph.
803 592 903 646 985.
926 593 947 632 ὁ
962 590 1076 633 πάντ’
1093 593 1321 633 ἐποπτεύων
1339 592 1432 633 τάδε
1451 592 1579 643 ἥλιος.

115 657 279 698 STAN
286 657 334 697 L.

171 726 315 766 κύκλον
334 725 467 780 ἡλίου]
491 726 605 777 ἡλίου
628 726 772 766 κύκλον
794 723 936 765 Guelf.

169 805 237 847 93.
261 793 470 849 αἰκίαισιν]
493 795 645 835 ἀνίαισι
666 793 780 835 Rob.
800 802 839 834 et
862 802 946 834 tres
965 791 1089 834 codd.

161 874 240 915 ·94.
272 861 344 902 τὸν
370 865 529 915 μυριετῆ
560 861 728 918 χρόνον]
763 861 1007 912 Scholiasta,
1027 862 1212 910 πολυετῆ·
1245 861 1291 900 ἐν
1311 861 1388 913 γὰρ
1409 862 1462 915 τῷ
1483 877 1579 914 πυρ-

111 930 222 984 φόρῳ
242 934 347 982 τρεῖς
365 929 554 983 μυριάδας
573 931 674 983 φησὶ
690 929 874 971 δεδέσθαι
895 930 1028 970 αὐτόν.
1061 927 1262 984 Hyginus
1283 928 1403 968 Poet.
1424 937 1579 969 astron.

111 1007 151 1045 2,
177 1009 242 1050 15.
274 1012 315 1053 p.
336 998 437 1051 456.
459 998 750 1039 Prometheum
770 998 817 1038 in
838 1002 974 1038 monte
994 996 1182 1052 Scythiae
1199 997 1366 1037 nomine
1390 997 1580 1038 Caucaso

89 1065 249 1119 firrea
269 1071 414 1106 catena
436 1067 603 1107 vinoeit:
633 1080 752 1122 quem
779 1066 1005 1121 alligatum
1034 1065 1094 1104 ad
1120 1064 1308 1120 triginta
1337 1064 1474 1104 millia
1503 1078 1579 1105 an-

108 1147 259 1173 norum
281 1133 512 1189 AEschgslus
535 1133 846 1190 tragoediarum
875 1134 1059 1190 scriptor
1083 1133 1157 1174 ait.
1219 1131 1336 1172 Nihil
1367 1131 1481 1173 aliud
1514 1132 1579 1174 his

110 1201 245 1242 verbis
279 1201 511 1258 exprimere
544 1201 678 1242 voluit
705 1201 936 1257 AEschylus
965 1215 1092 1257 quam
1125 1200 1335 1241 infinitum
1371 1215 1577 1241 annorum

109 1283 358 1310 numerum:
405 1268 458 1310 de
488 1284 574 1324 quo
605 1284 684 1310 usu
714 1268 907 1325 adjectivi
942 1269 1161 1322 τρισμύριοι
1184 1267 1293 1309 dixit
1320 1267 1506 1309 Leakius
1536 1268 1577 1309 in

116 1338 297 1379 Travels
316 1339 363 1378 in
385 1338 452 1379 tlze
471 1337 624 1378 Morea
646 1337 724 1378 vol.
749 1351 786 1381 2.
810 1352 850 1393 p.
869 1347 970 1393 535.
994 1353 1073 1394 ego
1092 1337 1145 1378 ad
1166 1336 1389 1393 Aristoph.
1414 1336 1574 1379 Eccles.

115 1417 240 1460 1132.
285 1405 434 1447 Minus
465 1404 732 1461 hyperbolice
762 1405 913 1446 Strabo
945 1418 1010 1454 11,
1046 1420 1086 1461 p.
1110 1415 1209 1460 505.
1243 1405 1313 1446 ἅτε
1346 1408 1415 1446 τοῦ
1449 1404 1576 1458 Ἡρα-

110 1470 249 1514 κλέους
272 1471 335 1512 καὶ
355 1470 426 1511 τὸν
446 1469 662 1523 Προμηθέα
681 1473 803 1511 λῦσαι
822 1470 1044 1524 λεγομένου
1063 1470 1245 1524 χιλιάσιν
1266 1473 1365 1513 ἐτῶν
1383 1473 1566 1524 ὕστερον.

168 1544 237 1589 95.
261 1534 465 1590 ἀθλεύσω]
489 1535 693 1576 ἆεθλεύσω
710 1535 821 1577 Rob.
838 1546 879 1577 et
900 1535 1021 1577 codd.
1041 1536 1244 1577 nonnulli.
1281 1538 1433 1578 Versus
1449 1537 1578 1594 vulgo

108 1604 165 1644 sic
186 1602 306 1643 divisi
326 1620 532 1657 χρονον-
558 1602 563 1660 Ι
590 1603 767 1656 ταγὸς-
793 1603 798 1660 Ι
826 1604 1033 1656 δεσμὸν-
1058 1605 1065 1660 Ι
1091 1606 1138 1645 τό
1158 1603 1249 1645 τ’-
1275 1603 1280 1661 Ι
1307 1608 1484 1657 πῆμα-.

169 1682 238 1726 97.
261 1670 403 1727 ἐξεῦρ’]
429 1670 705 1712 scribendum
728 1671 866 1725 ἐξηῦρ’.

168 1739 235 1793 98.
259 1741 336 1792 φεῦ
355 1741 433 1791 φεῦ
453 1739 519 1778 Μ.
541 1749 583 1779 et
603 1747 697 1779 octo
717 1737 785 1778 alii
805 1738 977 1779 codices.
1015 1738 1056 1779 αἲ
1077 1738 1117 1780 αἲ
1138 1737 1240 1779 Ald.
1262 1738 1374 1779 Rob.
1417 1738 1579 1780 Eadem

110 1806 327 1862 scripturae
346 1805 562 1847 diversitas
587 1818 682 1857 124.

169 1889 236 1930 99.
259 1874 332 1930 πῆ]
357 1878 430 1915 ποῖ
448 1875 511 1914 Μ.
533 1883 576 1914 et
595 1883 688 1914 octo
707 1872 774 1913 alii
795 1888 890 1913 cum
914 1872 1024 1914 Rob.
1056 1877 1127 1914 πεῖ
1143 1873 1246 1915 Ald.

173 1956 268 1984 100.
298 1942 490 1996 τέρματα]
523 1941 647 1994 τέρμα
676 1940 780 1982 Ald.
814 1940 925 1982 Rob.
959 1955 1054 1982 cum
1086 1940 1210 1982 codd.
1241 1940 1446 1997 plurimis.
1490 1942 1577 1995 τέρ-

109 2027 214 2062 ματα
233 2010 395 2067 primus
415 2009 547 2050 edidit
569 2009 813 2059 Turnebus,
835 2009 1115 2050 consentiente
1137 2010 1204 2050 M.
1225 2008 1411 2065 aliisque.

170 2091 264 2119 102.
286 2077 476 2131 σκεθρῶς]
501 2081 624 2129 τορῶς
644 2076 764 2117 codd.
787 2087 884 2118 tres.

171 2159 264 2198 104.
286 2143 547 2199 γίγνωσκονθ’
571 2143 823 2194 BrunckiuS.
855 2145 1089 2198 γινώσκονθ’
1112 2145 1176 2187 vel
1197 2146 1428 2199 γινώσκοντ’
1451 2145 1556 2187 libri.

170 2228 262 2269 105.
296 2214 440 2256 Citant
468 2213 776 2269 Moschopulus
805 2213 848 2254 in
880 2215 979 2255 MS.
1011 2214 1127 2270 apud
1156 2214 1337 2255 Fabricii
1365 2215 1462 2256 Bib.
1495 2215 1573 2256 Gr.

106 2283 186 2324 vol.
220 2295 287 2324 12.
315 2298 355 2339 p.
386 2284 486 2338 306.
526 2291 567 2324 et
602 2281 853 2323 Theodorus
893 2283 1164 2338 Hyrtacenus
1203 2283 1318 2339 Epp.
1350 2284 1387 2323 8.
1430 2293 1471 2324 et
1500 2297 1573 2338 43.

107 2351 324 2392 BLOMF
331 2383 339 2392 .

169 2429 263 2472 107.
284 2418 420 2472 γέρας]
445 2418 545 2471 γέρα
565 2417 652 2459 duo
671 2417 792 2458 codd.

168 2487 261 2526 108.
293 2485 522 2538 ἐνέζευγμαι
546 2486 735 2526 M.D.N.
755 2483 898 2526 Guelf.
917 2494 958 2526 et
988 2502 1050 2537 γρ.
1072 2500 1139 2541 ap.
1164 2485 1306 2534 H.St.,
1323 2484 1395 2540 qui
1418 2500 1456 2524 v.
1473 2484 1574 2538 578.

105 2552 376 2608 comparavit,
397 2554 437 2593 τί
461 2569 558 2594 ποτε
585 2554 711 2594 ταῖσδ’
733 2553 933 2604 ἐνέζευξας
962 2553 1087 2605 εὑρὼν
1108 2554 1359 2604 ἁμαρτοῦσαν
1381 2553 1425 2592 ἐν
1445 2568 1573 2602 πημο-

106 2625 204 2664 ναῖς.
237 2620 469 2674 ἐπέζευγμαι
488 2621 658 2662 A.B.C.
688 2620 926 2673 ὑπέζευγμαι
946 2619 1047 2660 Ald.
1071 2619 1184 2660 Rob.

167 2701 260 2743 109.
297 2687 694 2741 Ναρθηκοπλήρωτον
735 2689 777 2728 δὲ
809 2690 982 2739 θηρῶμαι
1016 2686 1137 2739 πυρὸς
1178 2685 1320 2737 Πηγὴν
1355 2685 1572 2741 κλοπαίαν]

104 2755 274 2811 Indago
293 2761 432 2796 autem
451 2756 572 2812 ignis
583 2757 744 2809 fontem
765 2769 792 2795 a
813 2768 876 2795 me
895 2760 1139 2810 surreptum
1170 2759 1208 2794 et
1234 2754 1281 2792 in
1292 2752 1451 2807 firula
1477 2768 1572 2794 con-

103 2824 277 2865 clusum.
317 2822 389 2874 τὴν
431 2823 475 2863 ἐν
516 2821 677 2874 νάρθηκι
717 2824 1066 2873 θησαυρισθεῖσαν·
1100 2820 1280 2872 παρόσον
1319 2820 1372 2874 τῷ
1413 2819 1574 2873 νάρθηκι

109 2892 283 2944 ἐχρῶντο
311 2891 408 2943 πρὸς
437 2891 509 2933 τὰς
541 2889 823 2943 ἐκζωπυρήσεις
852 2892 921 2929 τοῦ
950 2888 1083 2941 πυρὸς,
1106 2889 1200 2929 ὅθεν
1227 2887 1289 2928 καὶ
1315 2888 1368 2942 τῷ
1389 2889 1575 2943 Διονύσῳ

108 2957 311 3013 ᾠκείωσαν
347 2958 478 2999 αὐτόν.
511 2956 698 3013 Hesych.
754 2955 820 2997 Sic
852 2964 996 2997 auctor
1028 2953 1287 3011 Theogoniae
1313 2955 1410 3009 565.
1442 2954 1574 2997 Ἀλλά
