1898 3256
535 209 624 250 AD
656 206 1136 249 PROMETHEUM.
1515 205 1572 245 33

165 334 200 364 2.
233 323 387 374 Σκύθην
409 323 449 365 ἐς
469 320 597 376 οἶμον]
630 321 715 362 Pro
736 319 929 361 Σκυθικὸν
949 318 1110 359 dictum
1137 316 1353 358 annotavit
1374 315 1573 357 Eustath.

104 389 156 430 ad
178 390 307 431 Hom.
329 405 370 445 p.
393 401 491 444 775,
517 403 552 430 1.
579 401 702 444 1339,
726 399 766 441 7.
798 387 851 428 ad
883 386 1060 443 Dionys.
1084 384 1248 441 Perieg.
1271 400 1310 425 v.
1331 394 1399 438 74.
1420 393 1462 424 et
1485 384 1575 424 Ste-

105 457 270 514 phanus
300 458 405 514 Byz.
435 473 466 498 S.
489 472 526 498 V.
558 457 710 508 Σκύθης
732 470 827 497 cum
853 453 1055 496 similibus
1082 454 1233 505 Σκύθης
1257 454 1394 505 ὅμιλος
1422 467 1474 493 ex
1497 451 1576 492 hac

107 525 312 582 tragoedia
330 540 370 565 v.
390 537 489 577 417.
511 534 552 566 et
573 525 724 575 Σκύθης
745 525 905 577 σίδηρος
924 538 975 564 ex
995 523 1110 578 Sept.
1131 521 1186 563 ad
1208 520 1294 562 Th.
1319 522 1414 573 817.
1446 518 1576 560 Vide·

108 602 179 633 tur
197 603 335 634 autem
368 601 491 648 poeta
510 590 552 632 in
583 591 743 632 ratione
769 600 1003 647 temporum
1035 605 1233 646 peccare;
1266 587 1449 644 appellat
1469 587 1580 628 enim

110 659 322 716 Scythiam
351 670 538 716 tempore
571 658 824 707 Promethei,
853 673 978 714 quem
1015 656 1211 699 tredecim
1242 654 1583 712 generationibus

110 727 336 769 Herculem
358 727 620 769 antecessisse
639 728 698 769 ait
720 744 757 769 v.
777 737 878 781 774,
900 742 995 768 cum
1018 726 1107 782 ipsa
1130 724 1301 781 Scythia
1321 740 1346 765 a
1364 723 1450 765 filio
1472 724 1584 764 Her-

107 794 212 836 culis
226 809 376 836 nomen
398 795 637 837 obtinuerit.
685 795 885 852 Stephan.
908 796 1015 851 Byz.
1038 794 1064 835 l.
1085 809 1144 835 c.:
1176 792 1424 834 Ἐκαλοῦντο
1444 793 1584 845 πρότε-

107 880 181 916 ρον
206 867 390 914 Νομαῖοι,
414 865 561 905 Σκύθαι
591 865 635 905 δὲ
663 863 742 904 ἀπὸ
772 864 925 905 Σκύθου
956 862 1097 905 παιδὸς
1124 860 1386 914 Ἡρακλέους.
1437 861 1587 916 Atque

109 930 204 971 ideo
223 931 385 972 cautius
413 931 600 988 loquitur
621 931 869 972 Herodotus
887 944 930 983 4,
955 930 992 971 8.
1021 930 1075 971 de
1104 929 1291 971 adventu
1313 927 1512 969 Herculis
1541 927 1586 968 in

110 1013 199 1040 eam
221 998 430 1055 regionem
447 1015 456 1039 :
492 1000 677 1040 ἐνθεῦτεν
697 999 767 1040 τὸν
786 997 996 1051 “Ηρακλέα
1016 998 1229 1040 ἀπικέσθαι
1251 998 1291 1040 ἐς
1310 996 1382 1048 τὴν
1399 999 1470 1037 νῦν
1491 999 1588 1037 Σκυ-

111 1068 200 1118 θίην
218 1067 351 1120 χώρην
372 1066 629 1119 καλεομένην.
691 1066 826 1123 Apud
848 1081 942 1108 eum
974 1066 1083 1106 enim
1115 1065 1192 1121 ipsi
1216 1063 1357 1106 Graeci
1387 1063 1440 1104 ad
1474 1064 1587 1104 Pon-

113 1145 204 1175 tum
227 1133 460 1175 habitantes
479 1143 663 1183 narrant‚
688 1133 866 1190 Scythas
884 1148 909 1173 a
923 1132 1082 1189 juniori
1100 1130 1300 1172 Herculis
1320 1146 1371 1171 ex
1393 1130 1590 1171 Echidna

112 1201 198 1243 filio
217 1201 461 1243 nominatos.
518 1200 730 1257 Loquitur
749 1200 879 1257 igitur
899 1210 1022 1257 poeta
1044 1202 1142 1241 κατὰ
1162 1201 1370 1252 πρόληψιν
1390 1198 1589 1248 historiae,

114 1279 162 1310 ut
190 1279 232 1310 et
261 1268 412 1324 reliqui
442 1279 577 1324 poetae
614 1268 735 1309 etiam
764 1267 1065 1324 castigatissimi
1095 1267 1342 1323 loquuntur.
1395 1265 1503 1306 Vide
1532 1267 1590 1307 A.

114 1336 223 1379 Gell.
246 1350 313 1387 10,
332 1337 396 1377 16.
427 1337 488 1377 Et
508 1335 860 1394 appositissimum
883 1346 943 1377 est
965 1335 1078 1391 quod
1103 1343 1220 1376 notat
1236 1333 1422 1375 Velleius
1443 1335 1592 1376 Pater-

112 1403 233 1446 culus
259 1419 272 1446 1
283 1435 296 1455 ,
318 1418 359 1461 3.
388 1405 535 1461 Neque
554 1410 616 1446 est
634 1404 744 1461 quod
769 1402 973 1445 miremur
992 1404 1045 1444 ab
1066 1404 1255 1444 Homero
1276 1403 1493 1443 nominari
1515 1403 1593 1445 Co-

113 1472 330 1513 rinthum:
360 1486 459 1513 nam
490 1486 542 1513 ex
568 1486 752 1528 persona
779 1478 912 1528 poetae
940 1478 979 1513 et
1009 1471 1118 1512 hanc
1148 1471 1292 1512 urbem
1321 1477 1361 1512 et
1386 1472 1591 1527 quasdam

114 1541 267 1581 Ionum
305 1541 488 1582 colonias
531 1541 587 1582 iis
626 1541 866 1581 nominibus
904 1539 1105 1596 appellat,
1141 1539 1292 1595 quibus
1334 1540 1593 1581 vocabantur

114 1613 239 1650 [etate
258 1610 362 1664 ejus,
383 1609 513 1650 multo
530 1615 624 1665 post
644 1610 777 1649 Ilium
798 1614 967 1665 captum
987 1607 1182 1648 conditae.
1216 1608 1440 1648 STANL.

174 1677 330 1728 ἄβατον
361 1678 536 1730 (ἄβατόν
566 1677 597 1718 τ’
622 1678 687 1718 Μ.
711 1677 867 1734 Rob.)]
903 1676 1131 1718 Scholiasta
1163 1676 1340 1717 Homeri
1374 1676 1425 1717 Il.
1450 1678 1501 1727 Ξ,
1525 1677 1591 1730 78.

116 1744 159 1785 in
180 1743 320 1786 codice
342 1746 501 1786 Veneto
521 1755 562 1786 et
583 1745 806 1801 Lipsiensi‚
830 1744 979 1797 Βροτὸς
998 1746 1074 1797 γὰρ
1103 1745 1166 1784 καὶ
1188 1746 1209 1785 ὁ
1231 1746 1326 1797 φώς·
1357 1745 1420 1785 καὶ
1442 1746 1590 1798 Αἰσχύ-

118 1817 191 1855 λος
212 1818 241 1837 “
258 1813 434 1865 ἄβροτον
455 1815 511 1855 εἷς
531 1811 732 1865 ἐρημίαν,”
755 1815 876 1863 δῆλον
895 1813 938 1852 ἐν
959 1810 984 1868 ᾗ
1006 1812 1091 1863 φὼς
1106 1812 1151 1852 οὗ
1169 1812 1334 1864 γίνεται.
1366 1827 1462 1867 quae
1479 1827 1595 1868 repe-

121 1880 304 1920 tiverunt
324 1879 578 1921 Eustathius
610 1894 651 1935 p.
674 1879 772 1934 968,
793 1890 861 1934 45.
885 1889 925 1920 et
948 1878 1182 1920 Favorinus
1202 1895 1232 1921 s.
1255 1895 1292 1920 v.
1315 1879 1489 1932 Ἀβρότη
1510 1881 1593 1931 νύξ.

121 1946 257 2004 Apud
287 1947 417 1988 schol.
439 1946 658 2003 Aristoph.
687 1947 862 1999 ἄβροτον
891 1945 1021 1987 codex
1040 1947 1224 1988 Venetus
1244 1960 1355 2001 474:
1389 1947 1460 1988 sed
1492 1949 1594 1999 ἄβα-

121 2033 191 2057 τον
211 2014 342 2056 codex
365 2016 591 2056 Ravennas
609 2014 839 2070 venetique
859 2013 1148 2070 apographum
1165 2025 1265 2070 475.
1286 2030 1382 2056 cum
1400 2015 1468 2056 ed.
1489 2015 1590 2057 Ald.

120 2093 162 2125 et
192 2082 249 2124 sic
280 2082 431 2124 Suidas
460 2098 631 2138 quoque
660 2082 701 2123 in
729 2081 983 2123 editionibus
1012 2082 1239 2133 veteribus,
1266 2098 1344 2140 pro
1373 2099 1460 2139 quo
1484 2095 1595 2124 nunc

122 2152 297 2205 ἄβροτον
322 2166 371 2192 ex
399 2150 521 2192 codd.
543 2149 711 2207 optimis
740 2149 995 2191 restitutum.
1055 2150 1234 2192 Accedit
1261 2151 1315 2192 ad
1348 2151 1436 2192 baec
1459 2151 1596 2208 glossa

123 2218 342 2276 Hesychii,
378 2217 603 2272 Ἀβροτονε
648 2217 926 2271 ἀπάνθρωπον,
957 2218 1011 2259 ad
1049 2217 1184 2260 locum
1219 2219 1410 2276 AEschyli
1446 2220 1595 2276 proba—

122 2287 262 2329 biliter
281 2285 411 2327 relata
428 2288 482 2328 ab
505 2285 718 2343 Sopingio.
780 2285 863 2336 Qui
885 2286 1010 2328 trium
1031 2287 1401 2343 grammaticorum
1423 2303 1595 2330 consen-

125 2370 196 2396 sus
214 2354 313 2396 facit
327 2364 375 2396 ut
395 2355 570 2407 ἄβροτον
590 2369 672 2395 non
690 2353 865 2395 fortuito
887 2354 1011 2395 unius
1030 2354 1183 2396 codicis
1204 2354 1304 2396 vitio
1324 2355 1502 2406 illatum,
1524 2355 1597 2398 sed

124 2422 357 2464 communis
375 2421 643 2478 antiquorum
672 2421 873 2462 librorum
895 2421 1017 2463 lectio
1037 2422 1164 2464 fuisse
1188 2422 1394 2474 videatur,
1415 2424 1483 2465 cui
1514 2439 1596 2465 non

125 2491 264 2532 obstat
292 2490 405 2546 quod
436 2491 590 2543 ἄβατον
616 2489 730 2546 apud
767 2488 984 2545 Synesium
1017 2489 1169 2546 legitur
1195 2490 1333 2546 Epist.
1356 2507 1397 2547 p.
1419 2505 1443 2546 3
1447 2502 1491 2547 5.
1519 2491 1597 2533 nisi

126 2558 240 2615 apud
264 2559 376 2601 hunc
396 2573 565 2614 quoque
585 2556 706 2598 lectio
725 2556 975 2598 ab'librariis
991 2567 1050 2598 est
1070 2557 1332 2614 interpolata,
1354 2568 1401 2600 ut
1420 2559 1462 2600 in
1484 2558 1599 2601 libris

128 2626 379 2683 quibusdam
400 2625 628 2667 scholiastae
653 2624 946 2680 Aristophanis
965 2634 1010 2666 et·
1029 2625 1170 2667 Suidae
1190 2625 1346 2667 factum
1371 2626 1564 2667 vidimus.

189 2693 371 2748 ἐρημίαν]
393 2697 485 2734 Τῶν
507 2695 667 2734 Σκυθῶν
687 2694 847 2746 ἐρημίας
868 2692 1054 2734 meminit
1077 2693 1228 2734 Strabo
1253 2707 1287 2734 1.
1308 2708 1352 2748 p.
1373 2704 1442 2748 59.
1466 2693 1597 2734 Inha-

129 2761 314 2803 bitabil-is
333 2761 424 2817 ejus
438 2761 584 2816 prima
596 2774 722 2816 pars,
740 2759 878 2815 inquit
899 2759 1062 2801 Plinius
1083 2761 1145 2801 H.
1162 2762 1218 2801 N.
1236 2764 1275 2810 6,
1296 2773 1356 2814 17.
1378 2776 1406 2802 a
1426 2761 1599 2818 §tychico
1619 2754 1621 2758 Α

124 2829 413 2885 promontorio
427 2828 476 2868 ob
489 2828 609 2873 nives
622 2843 636 2874 ‚·
665 2827 865 2883 prox-ima
880 2827 1040 2867 inculta
1057 2829 1222 2869 saevitia
1233 2829 1442 2885 gentium..
1474 2829 1600 2870 Adeo

132 2911 228 2938 sane
256 2895 418 2937 deserta
445 2905 492 2935 ut
518 2894 560 2936 in
590 2892 858 2949 proverbium
885 2893 1031 2935 abierit
1056 2895 1080 2945 ἡ
1112 2899 1273 2937 Σκυθῶν
1299 2897 1449 2949 ἐρημία.
1504 2897 1594 2939 Vid.

851 2975 878 3001 r:
