1898 3256
523 212 613 253 AD
644 210 1123 253 PROMETHEUM.
1505 204 1566 247 41-

147 326 206 367 τίς
234 325 353 379 ὀδμὰ]
387 324 513 365 Notae
541 332 639 364 sunt
657 337 708 362 ex
729 322 920 362 Homero
947 330 1083 362 vestes
1108 320 1331 362 mulierum
1360 321 1560 371 odoratae,

91 392 231 443 εἵματα
261 393 412 434 θυώδεα
444 389 618 447 (Odyss.
649 393 699 439 Φ,
730 391 849 443 52.);
894 397 1018 429 notus
1047 398 1109 430 est
1140 389 1360 441 ἀμβρόσιος
1390 389 1563 430 Veneris

91 457 244 501 πέπλος
281 457 425 511 (Iliad.
459 461 508 507 E,
537 457 686 512 338.);
727 464 874 497 notum
907 454 1090 510 denique
1121 454 1335 511 quomodo
1371 469 1413 494 se
1446 453 1561 510 apud

91 540 186 566 eum
218 527 249 567 J
254 541 336 567 uno
363 524 486 567 Jovis
514 523 802 581 complexibus
831 532 966 579 paret,
995 531 1037 563 et
1065 537 1152 578 quo
1178 531 1303 578 pacto
1332 521 1476 575 (Iliad.
1510 523 1561 573 Ξ,

98 594 238 647 170.):

205 671 431 729 Ἀμβροσίῃ
450 673 525 724 μὲν
543 675 700 724 πρῶτον
719 670 797 712 ἀπὸ
817 670 940 724 χροὸς
961 671 1185 723 ἱμερόεντος

207 741 364 792 λύματα
382 739 515 782 πάντα
536 739 719 796 κάθῃρεν,
741 739 943 792 ἀλείψατο
964 739 1007 779 δὲ
1027 737 1110 780 λίπ’
1135 738 1257 794 ἐλαίῳ

209 809 432 864 ἀμβροσίῳ,
455 809 596 863 ἑδανῷ,
619 808 664 849 τὸ
683 807 734 862 ῥά
754 809 792 848 οἱ
811 808 1058 859 τεθυῶμενον
1076 806 1164 859 ἦεν.

97 893 194 935 Sine
224 893 355 934 dubio
383 893 514 949 igitur
534 892 764 950 AEschylus
794 891 1061 933 advenientes
1090 891 1313 949 Nymphas
1337 908 1359 933 e
1382 892 1565 935 vestibus

96 972 136 1003 et
157 961 314 1019 capillis
332 960 550 1003 ambrosiae
577 960 746 1002 odorem
779 975 973 1017 spargere
1002 960 1138 1011 finxit,
1159 961 1280 1018 cujus
1309 960 1364 1002 ad
1395 962 1566 1003 Prome-

97 1029 240 1071 theum
273 1045 406 1086 usque
426 1028 560 1070 dulcis
589 1043 691 1070 aura
711 1028 898 1085 spiraret.
962 1029 1007 1069 Is
1028 1029 1207 1082 ἀφεγγὴς
1226 1028 1393 1079 dicitur,
1415 1030 1565 1071 invisi-

94 1099 205 1149 bilis,
238 1098 316 1139 hoc
346 1107 407 1139 est
438 1097 511 1153 qui
548 1097 602 1138 ab
635 1097 791 1153 aliquo,
824 1111 948 1153 quem
979 1096 1165 1138 nondum
1198 1097 1328 1139 oculis
1354 1097 1567 1153 adspicere

95 1177 247 1224 potest,
266 1168 393 1210 venit.
421 1169 555 1210 SCH.
587 1168 692 1208 Eur.
713 1166 851 1223 Hipp.
873 1180 995 1222 1391.
1020 1165 1050 1206 ὦ
1073 1169 1181 1207 θεῖον
1201 1167 1320 1219 ὀδμῆς
1338 1170 1567 1219 πνεῦμα·-

97 1235 180 1277 ἔστ’
213 1238 257 1278 ἐν
286 1238 443 1278 τόποισι
472 1235 609 1277 τοισίδ’
635 1234 824 1289 Ἀρτεμις
854 1234 939 1276 θεά.
989 1233 1135 1290 Virgil.
1156 1235 1260 1275 AEn.
1285 1248 1320 1286 Ι,
1336 1248 1437 1290 403.
1459 1235 1566 1275 Am-

97 1304 323 1360 brosia‘que
352 1319 477 1345 comm
507 1304 702 1344 divinum
735 1304 886 1344 vertice
916 1303 1080 1344 odorem
1113 1304 1343 1359 spiravere.
1392 1303 1567 1344 GRIF-

98 1371 306 1412 FITHS.

159 1453 176 1480 1
191 1441 251 1481 16.
275 1439 482 1496 θεόσυτος]
506 1440 722 1482 θεόσσυτος
740 1455 837 1496 pars
857 1439 1047 1481 codicum
1068 1449 1110 1480 et
1131 1438 1233 1480 Ald.
1257 1438 1367 1480 Rob.

154 1507 387 1561 κεκραμένη]
426 1506 569 1557 Qualis
600 1507 876 1548 semideorum
907 1517 982 1548 est.
1026 1506 1217 1548 “Alexis
1247 1506 1288 1548 in
1317 1506 1455 1549 Grotii
1477 1508 1567 1549 Ex-

98 1585 228 1631 cerpt.
259 1590 301 1631 p.
323 1587 420 1629 591.
452 1590 476 1616 a
507 1574 662 1616 Blomf.
692 1575 856 1625 citatus,
880 1576 940 1617 Οὐ
971 1575 1112 1627 θνητὸς
1142 1575 1220 1616 οὐδ’
1242 1575 1452 1623 ἀθάνατος,
1475 1574 1566 1617 ἀλλ’

97 1644 202 1698 ἔχων
232 1661 320 1685 τινα
350 1645 585 1696 σύγκρασιν.
632 1643 782 1700 Eurip.
814 1645 914 1685 Hel.
947 1657 1070 1699 1137.
1104 1643 1194 1686 θεὸς
1224 1642 1248 1694 ἢ
1275 1644 1330 1702 μὴ
1356 1644 1445 1687 θεὸς
1477 1643 1500 1695 ἢ
1524 1644 1568 1685 τὸ

98 1712 237 1765 μέσον.
282 1712 400 1769 Cycl.
434 1712 530 1753 218.
563 1711 729 1764 μήλειον
757 1710 781 1764 ἢ
807 1714 993 1765 βρότειον
1026 1710 1049 1763 ἢ
1079 1711 1359 1764 μεμιγμένον.”
1389 1712 1566 1753 GRIF-

99 1781 310 1822 FITHS.

162 1863 180 1890 1
193 1859 256 1903 17.
279 1850 384 1890 ἵκετο
405 1848 612 1901 τερμόνιον
634 1848 698 1889 ἐπὶ
716 1847 867 1904 πάγον]
888 1849 1043 1889 Versus
1062 1846 1128 1888 hic
1150 1846 1206 1887 sic
1223 1856 1285 1887 est
1305 1846 1540 1888 metiendus

442 1933 960 1989 -ὐυ,-’-υυυ,σέ,-υ-

106 2027 207 2069 Alia
238 2027 365 2083 hujus
396 2026 516 2068 metri
547 2026 738 2083 exempla
769 2026 890 2068 attuli
923 2026 976 2068 ad
1009 2027 1230 2085 Aristoph.
1266 2027 1443 2084 Lysistr.
1475 2038 1570 2082 277.

98 2095 224 2152 ᾤχετο
246 2096 386 2137 θῶπλα
404 2095 604 2148 παραδοὺς
625 2096 726 2147 ἐμοί.

160 2177 252 2219 119.
275 2164 408 2218 ὁρᾶτε]
435 2162 730 2219 Imperativus.

159 2243 253 2273 120.
276 2231 404 2288 θεοῖς]
427 2233 556 2272 θεοῖσι
576 2229 678 2271 Ald.
702 2230 814 2272 Rob.

161 2311 255 2340 122.
296 2297 477 2339 Locutio
514 2297 742 2339 Homerica
773 2308 834 2339 est
867 2298 966 2342 Διὸς
1004 2300 1142 2350 αὐλήν.
1186 2298 1270 2341 Od.
1306 2304 1356 2341 Δ.
1392 2311 1462 2352 74.
1500 2298 1571 2341 ubi

103 2366 354 2408 Eustathius
391 2366 506 2408 hunc
539 2381 705 2407 versum
741 2366 864 2408 citat:
902 2367 1090 2423 sequitur
1125 2366 1354 2424 Euripides
1390 2366 1569 2424 Hippol.

102 2435 171 2476 68.
195 2436 322 2476 αὐλὰν
343 2435 480 2477 Ζανός.
514 2434 748 2474 BLOMF.

162 2501 451 2558 εἰσοιχνεῦσιν]
486 2503 757 2555 εἷσοιχνοῦσιν
782 2499 1074 2543 Blomfieldus.
1121 2503 1325 2544 Vocabuli
1358 2503 1572 2544 Homerici

106 2569 282 2610 formam
304 2567 427 2609 etiam
451 2568 717 2610 Homericam
741 2584 922 2610 servasse
943 2570 1109 2611 videtur
1130 2569 1371 2626 AEschyluS.
1422 2570 1572 2626 Odyss.

105 2641 138 2686 I,
166 2649 258 2678 120.
281 2635 372 2676 οὐδέ
390 2652 458 2687 μιν
480 2635 646 2690 (πάτον)
670 2638 913 2690 εἰσοιχνεῦσι
935 2638 1155 2691 κυνηγέται.
1188 2642 1234 2679 Ζ.
1261 2648 1354 2693 157.
1377 2640 1574 2680 λευσσόν-

104 2721 184 2745 των
203 2705 356 2744 τοιόνδε
376 2703 498 2746 θάλος
515 2706 639 2757 χορὸν
661 2706 951 2758 εἰσοιχνεῦσαν.
995 2707 1192 2746 Ceterum
1214 2705 1305 2746 libri
1329 2708 1573 2761 εἰσοιχνεῦσι

102 2773 166 2814 vel
186 2771 300 2827 quod
323 2786 394 2811 sex
413 2770 535 2812 codd.
559 2781 601 2812 et
622 2771 733 2812 Rob.
755 2771 954 2813 exhibent
976 2774 1209 2826 εἶσιχνεΰσι.

165 2852 258 2895 123.
279 2839 455 2896 βροτῶν]
478 2842 557 2879 τῶν
575 2843 732 2891 βροτῶν
753 2839 856 2880 Ald.
879 2840 993 2881 Rob.
1016 2849 1058 2880 et
1078 2855 1148 2880 sex
1170 2840 1290 2882 codd.
1313 2845 1403 2893 τῶν,
1421 2842 1572 2884 omisso

102 2912 273 2961 βροτῶν,
293 2906 385 2948 cod.
410 2906 528 2962 Lips.

163 2987 258 3027 124.
280 2977 357 3028 φεῦ
373 2975 470 3031 φεῦ]
495 2974 539 3015 αἶ
557 2973 600 3015 αἶ
618 2984 699 3015 tres
720 2974 843 3016 codd.
879 2976 1002 3017 Conf.
1025 2975 1078 3018 ad
1102 2991 1140 3017 v.
1165 2977 1234 3031 98.

827 3057 851 3083 F
