1898 3256
341 217 425 258 258
810 218 1304 261 ANNOTATIONES

399 338 492 378 240.
513 327 611 380 ἔγχη
632 327 817 383 σταδαῖα]
839 329 992 370 Hastae
1010 329 1066 369 ad
1084 343 1278 385 pugnam
1297 329 1480 370 stabilem
1494 334 1614 385 aptoe.
1674 329 1768 370 Hoc

338 392 447 433 enim
481 392 615 434 innuit
646 402 783 450 poeta,
816 395 1083 436 Athenienses
1115 409 1198 436 non
1228 395 1454 436 velitamur
1482 396 1667 450 sagittis,
1699 395 1771 435 sed

337 459 428 499 telis
461 460 645 500 com-inus
674 466 714 501 et
741 462 921 501 stataria
945 475 1100 517 pugna
1133 461 1352 502 decertant.
1404 460 1639 511 Scholiasta,
1671 461 1769 514 ἔγχη

338 528 516 572 σταδαῖα,
547 526 632 577 ἤτοι
662 527 754 579 ξίφη
786 530 965 574 σταδαῖα,
997 526 1041 567 δι’
1074 529 1128 568 ὧν
1158 527 1354 578 συστάδην
1385 528 1446 568 καὶ
1480 528 1675 581 ε’χεγγύως
1705 527 1768 568 καὶ

335 594 506 643 πλησίον
536 594 740 646 μάχονται·
771 594 859 636 τοὺς
892 595 967 646 γὰρ
999 595 1042 634 έκ
1072 593 1328 645 διαστήματος
1359 593 1558 647 μάχοντας
1591 593 1767 645 κατηυτέ-

335 659 458 708 λιζον.
517 659 653 700 Persis
671 674 784 701 arma
803 669 918 701 erant
937 661 1029 710 τόξα
1050 661 1112 701 καὶ
1132 660 1250 714 αἰχμὴ
1269 660 1425 714 βραχέα
1444 668 1544 701 teste
1565 661 1766 701 Herodot.

333 736 377 778 5,
396 738 468 779 49,
499 726 730 766 BLOMF.

392 802 487 841 241.
517 790 736 846 ποιμάνωρ]
762 791 982 845 ποιμάντωρ
1003 792 1143 834 Guelf.
1165 792 1265 833 Ald.
1288 793 1423 832 Turn.
1462 792 1660 845 ποιμάνωρ
1679 794 1767 834 Eu-

334 857 455 898 stath.
476 858 528 899 ad
551 858 671 900 Iliad.
692 863 736 899 B.
756 874 797 914 p.
821 871 916 909 212,
933 871 1002 910 42.
1033 859 1125 899 Vid.
1147 874 1270 915 supra
1291 860 1356 912 76.
1389 860 1494 900 Mox
1515 863 1666 915 στρατῷ
1685 869 1767 901 tres

332 923 453 964 codd.
478 933 519 965 et
545 925 654 966 Rob.
704 925 851 966 Minus
878 935 998 966 recte.
1031 927 1184 981 Agam.
1213 935 1310 980 545.
1346 929 1438 968 Πῶς
1471 926 1541 977 δή;
1573 928 1766 980 διδαχθεὶς

331 993 445 1032 τοῦδε
479 993 660 1032 δεσπόσω
689 993 826 1045 λόγου.
875 991 1061 1047 Choeph.
1102 992 1192 1032 186.
1227 994 1344 1042 τῆσδε
1381 994 1584 1076 δεσπόζειν
1621 995 1762 1046 φόβης.

332 1056 559 1099 BLOMF.
605 1061 757 1114 στρατῷ
775 1057 896 1099 etiam
919 1059 984 1098 Μ.

388 1138 485 1184 245.
518 1131 656 1171 ἰόντων
674 1134 755 1173 τοῖς
783 1132 936 1171 τεκοῦσι
956 1130 1181 1183 φροντίσαι]
1208 1129 1444 1181 Scholiasta,
1464 1133 1622 1184 χαλεπὰ
1635 1131 1766 1185 λέγεις

330 1199 411 1239 τοῖς
438 1199 598 1249 γονεῦσι
622 1200 700 1238 τῶν
720 1198 857 1238 ἰόντων
877 1197 938 1237 καὶ
960 1197 1156 1237 ἐλθόντων
1176 1197 1230 1239 εἰς
1246 1195 1426 1247 Ἀθήνας,
1449 1198 1534 1238 ἀντὶ
1563 1201 1630 1238 τοῦ
1657 1199 1762 1250 ἡμῖν,

330 1263 431 1303 ὥστε
451 1264 660 1315 φροντίσαι
679 1264 815 1304 αὐτῶν.
850 1263 918 1303 De
936 1261 1234 1304 constructione
1253 1262 1454 1318 participii
1471 1278 1564 1304 cum
1583 1264 1764 1321 genitivo

329 1343 367 1369 v.
390 1328 573 1370 Lobeck.
595 1329 648 1370 ad
671 1329 796 1385 Soph.
818 1329 939 1384 Ajac.
960 1344 1000 1384 p.
1018 1329 1113 1383 238.

388 1398 485 1448 246.
505 1395 649 1450 δοκεῖν]
671 1399 778 1437 δοκεῖ
794 1404 990 1451 quattuor
1008 1394 1176 1436 codices.

385 1462 500 1517 εἴσει]
521 1464 605 1513 εἴσῃ
626 1461 730 1502 libri.

383 1529 564 1583 νημερτῆ]
589 1527 858 1569 scribendum
880 1531 1046 1580 ναμερτῆ
1066 1542 1160 1569 cum
1182 1529 1387 1570 Pei-sono:
1420 1529 1471 1571 de
1490 1545 1574 1585 quo
1593 1530 1676 1571 dixi
1707 1528 1760 1572 ad

329 1595 456 1650 Soph.
481 1595 632 1636 Trach.
655 1606 751 1650 173.

385 1672 479 1714 247.
516 1661 707 1717 δράμημα]
743 1663 917 1715 δρόμημα
949 1661 1107 1717 aliquot
1139 1661 1258 1703 codd.
1293 1662 1407 1718 quod
1443 1663 1760 1718 praeferendum.

325 1728 392 1769 De
412 1738 588 1784 utraque
607 1729 742 1770 forma
759 1744 800 1769 v.
822 1727 1005 1769 Lobeck.
1026 1728 1079 1769 ad
1110 1728 1337 1784 Phrynich.
1358 1743 1399 1784 p.
1421 1730 1516 1770 618.
1535 1739 1576 1770 et
1595 1745 1690 1785 quae
1718 1730 1760 1771 in

326 1794 544 1836 Thesauro
565 1795 762 1852 Stephani
780 1794 924 1851 collegi
945 1810 977 1836 s.
997 1810 1036 1835 v.
1058 1796 1258 1848 Δρόμημα.

383 1874 478 1916 249.
497 1861 702 1918 Ἀσιάδος]
723 1862 943 1905 Ἀσιάτιδος
962 1861 1064 1903 Ald.
1092 1861 1250 1905 Ἀσίδος
1270 1861 1538 1902 Blomfieldus
1556 1872 1677 1904 recte.

381 1941 405 1971 2
408 1939 476 1984 52.
498 1929 542 1969 τὸ
564 1933 733 1982 Περσῶν
753 1927 802 1984 δ’]
823 1929 866 1969 τὸ
887 1930 929 1969 δὲ
949 1932 1118 1981 Περσῶν
1137 1927 1236 1968 Ald.
1259 1928 1368 1969 Rob.

382 2008 405 2038 2
407 2006 476 2050 53.
508 1995 626 2037 κακὸν
651 1997 725 2047 μὲν
752 2000 904 2048 πρῶτον
924 1995 1139 2048 ἀγγέλλειν
1158 1994 1271 2049 κακά]
1304 1994 1514 2050 Sophoclis
1533 1996 1759 2052 Antigonae

324 2078 362 2103 v.
386 2072 481 2115 277.
502 2062 657 2115 στέργει
677 2064 752 2115 γὰρ
771 2062 894 2104 οὐδεὶς
913 2062 1087 2114 ἄγγελον
1107 2065 1234 2102 κακῶν
1254 2063 1356 2102 ἐπῶν
1375 2063 1626 2118 comparavit
1646 2063 1759 2104 scho-

322 2128 450 2170 liasta.
501 2129 629 2169 Hunc
655 2142 818 2169 versum
847 2127 889 2168 in
920 2137 1079 2168 textum
1109 2127 1336 2167 intulerunt
1356 2129 1411 2169 N.
1434 2137 1474 2168 et
1493 2128 1635 2170 Guelf.
1666 2139 1759 2185 post

324 2195 538 2248 ἀγγέλλειν
556 2193 664 2244 κακά,
687 2194 795 2234 Rob.
818 2201 953 2233 autem
974 2203 1067 2248 post
1087 2194 1300 2243 ἀναπτύξαι
1318 2193 1451 2237 πάθος.

382 2273 476 2316 254.
497 2259 949 2314 ἆνάγκη]-ἆναπτύξαι]
972 2259 1399 2312 ἆνάγκα-ἀναπτύσαι
1418 2261 1517 2302 Ald.
1541 2261 1651 2302 Rob.

382 2337 474 2382 255.
498 2327 668 2381 Πέρσαι]
685 2326 860 2379 Πέρσαις
880 2327 930 2366 Β.

381 2395 604 2448 256—259
613 2412 654 2429 =
666 2392 901 2446 262—265.

382 2461 478 2515 256.
506 2458 597 2514 ἄνι’]
618 2460 709 2500 ἄνια
729 2458 829 2500 Ald.
853 2459 961 2499 Rob.
984 2460 1117 2500 Turn.
1169 2461 1270 2501 Post
1288 2461 1386 2500 κακὰ
1405 2459 1446 2499 in
1467 2460 1635 2502 Barocc.
1657 2461 1759 2502 Ald.

325 2526 434 2567 Rob.
463 2525 650 2566 additum
682 2526 835 2578 λυπηρὰ
869 2527 1023 2577 λυπηρὰ
1061 2539 1113 2565 ex
1149 2524 1401 2580 glossemate.
1452 2529 1477 2548 “
1493 2525 1759 2581 Adjectivum

324 2594 432 2636 ἄνιος
462 2592 568 2633 valet
597 2591 780 2644 λυπηρὸς,
808 2591 920 2634 ἀνίας
945 2591 1182 2643 παρεκτικὸς,
1211 2591 1379 2643 ἀνιαρὸς,
1411 2591 1681 2644 ἀθεράπευτος.
1712 2603 1759 2636 ut

323 2667 537 2715 exponunt
564 2668 720 2699 veteres
749 2658 907 2713 glossae.
966 2657 1155 2698 Occurrit
1184 2657 1332 2711 iterum
1361 2657 1468 2699 infra
1497 2673 1534 2699 v.
1569 2670 1690 2713 1047.
1718 2667 1759 2701 et

329 2726 473 2781 1053.''
503 2725 774 2766 BRUNCK.
826 2724 980 2764 Versus
998 2723 1039 2763 in
1058 2723 1159 2765 Ald.
1181 2723 1237 2764 sic
1254 2723 1373 2764 divisi
1393 2724 1540 2765 ἄνια-
1563 2723 1571 2781 Ι
1597 2727 1759 2767 νεόκοτα

323 2815 380 2823 —
405 2790 411 2847 Ι
437 2793 720 2833 διαίνεσθαι--.

383 2858 476 2912 258.
499 2858 561 2899 καὶ
575 2856 660 2898 δάϊ’.
690 2857 788 2911 αῖαῖ]
809 2857 915 2897 Haec
936 2856 1059 2897 verba
1077 2856 1211 2898 versui
1231 2857 1474 2913 praecedenti
1495 2866 1589 2900 sunt
1611 2858 1757 2915 adjun-

323 2923 472 2980 genda,
493 2923 727 2980 pariterque
746 2923 788 2964 in
808 2922 1074 2979 antistrophe.
