1898 3256
345 229 401 267 80
825 211 1333 270 ANNOTATIONES'

400 338 560 392 λουτρά]
584 338 716 379 Schol.
736 338 788 379 ad
810 339 958 395 Eurip.
982 338 1181 379 Phoeniss.
1202 351 1300 393 349.
1324 336 1446 380 Ἔθος
1463 337 1512 388 ἢν
1539 341 1617 380 τοῖς
1641 343 1780 379 παλαι-

344 408 415 452 οῖς,
457 406 522 446 ὅτε
561 405 680 457 ἔγημέ
718 422 786 452 τις,
824 405 887 446 ε’πὶ
921 409 1002 447 τοῖς
1042 405 1241 458 ἔγχωριοις
1278 407 1465 455 ποταμοῖς
1503 404 1778 445 ἀπολούεσθαι.

345 472 571 512 BLOMF.
621 473 774 523 λοετρὰ
802 486 896 527 pars
935 470 1121 511 codicum
1161 480 1201 510 et
1232 469 1337 510 Ald.
1386 469 1529 521 λοετρά
1567 486 1610 510 τε
1642 471 1777 511 Turn.

347 538 492 593 Steph.

398 608 494 657 557.
515 603 737 657 ὑμεναίουν]
753 602 984 655 (Ύμεναιόω,
1001 604 1282 658 Hymenaeum
1301 608 1435 644 canto.
1459 602 1645 643 Photius.
1665 602 1780 652 ’Ὑμε-

344 674 491 728 ναιοΰν,
513 670 556 709 τὸ
579 669 686 723 ᾄδειν
706 669 774 709 τὸν
792 668 988 720 ὑμέναιον,
1011 670 1073 709 καὶ
1099 668 1310 709 συνάπτειν
1335 669 1404 709 τὸν
1432 668 1574 722 γάμον.
1633 669 1781 710 Nescio

343 752 395 777 an
424 737 520 778 alibi
549 736 790 791 reperiatur,
821 735 897 776 nisi
926 735 1038 790 apud
1069 734 1283 790 Aristoph.
1316 736 1413 776 Pac.
1442 737 1563 789 1076.
1594 737 1685 788 πρίν
1715 752 1780 776 κεν

342 803 460 845 λύκος
489 803 549 843 οἶν
577 805 766 854 ὑμεναιοῖ.
801 802 869 842 ubi
902 801 1036 842 Schol.
1072 803 1126 844 εἰς
1145 801 1290 854 γάμους
1310 801 1457 854 ἄγοιτο.
1478 811 1518 842 et
1538 801 1637 842 ibid.
1659 815 1703 842 11
1717 813 1779 842 12.

347 869 574 909 BLOMF.

398 935 497 988 558.
530 935 651 975 ἰότατι
676 949 726 974 ex
758 934 885 974 A.M.
915 932 1085 987 aliisque
1117 933 1322 974 nonnullis
1349 933 1584 989 repositum.
1644 933 1781 988 Vulgo

344 1001 472 1051 ἰότητι.
518 1007 543 1021 “
562 1000 696 1051 Ἰότης.
741 1000 921 1040 Laetz'tz'a.
978 1000 1068 1039 Vox
1104 1000 1339 1049 Homerica,
1376 1001 1488 1055 apud
1524 1001 1779 1051 recentiores,

342 1076 437 1108 ante
458 1077 598 1123 poetas
619 1066 890 1116 scholasticos,
911 1080 1056 1120 parum
1079 1066 1264 1107 usitata.''
1284 1067 1512 1107 BLOMF.

397 1132 675 1187 Ὁμοπάτριον]
697 1125 900 1173 Nostram
921 1147 1112 1173 sororem.
1133 1132 1193 1173 uti
1213 1141 1320 1173 recte
1339 1132 1630 1188 interpretatur
1645 1133 1778 1174 Schol.

343 1200 395 1239 B.
428 1200 658 1239 BLOMF.
718 1199 853 1239 Verba
869 1199 934 1239 ὅτε
954 1200 1028 1239 τᾶν
1047 1198 1281 1251 ὁμοπάτριον
1300 1209 1393 1254 post
1411 1199 1609 1241 “Ησιόναν
1629 1200 1781 1241 habent

343 1265 442 1306 Ald.
466 1266 574 1307 Rob.
595 1267 729 1306 Turn.
790 1266 1030 1306 Correctum
1061 1264 1102 1304 in
1135 1265 1279 1319 Steph.
1307 1265 1652 1308 consentientibus
1671 1266 1781 1308 codi-

343 1332 471 1373 cibus.

397 1400 493 1452 560.
517 1399 662 1451 ἄγαγες
683 1399 863 1439 Α.Β.Μ.
887 1397 1035 1452 aliique
1056 1406 1096 1438 et
1117 1397 1226 1438 Rob.
1248 1398 1395 1451 ἤγαγες
1415 1399 1516 1441 Ald.
1538 1401 1674 1440 Turn.

400 1464 610 1519 Ἡσιόναν]
630 1463 822 1515 “Ησιόνην
843 1466 908 1504 Μ.
932 1463 1075 1519 Steph.

400 1537 538 1591 πιθὼν]
559 1534 703 1578 πείθὼν
723 1538 787 1577 Μ.

398 1605 497 1656 562.
527 1604 721 1658 χαλινοῖς]
746 1608 974 1657 χαλινοῖσιν
995 1604 1058 1644 Μ.
1081 1603 1182 1644 Ald.
1206 1604 1315 1644 Rob.
1375 1603 1460 1644 Alii
1491 1604 1674 1645 nonnulli
1705 1622 1777 1658 χα-

343 1673 502 1710 λινοῖσι.

399 1735 652 1789 πετρίνοισιν]
687 1737 903 1788 πετρίνοισι
939 1736 1003 1776 Μ.
1041 1735 1191 1790 aliique
1225 1751 1317 1776 cum
1354 1736 1455 1778 Ald.
1492 1737 1601 1778 Rob.
1643 1738 1778 1777 Turn.

345 1801 485 1858 Steph.
546 1802 598 1841 Iu
619 1801 739 1842 codd.
759 1801 1005 1856 quibusdam
1027 1801 1213 1842 additum
1240 1803 1394 1854 ὀρείοις,
1415 1801 1455 1841 in
1477 1801 1564 1842 aliis
1584 1805 1664 1844 τοῖς
1681 1803 1780 1854 ὀρεί-

343 1886 411 1919 οις,
442 1868 555 1924 quod
585 1868 735 1908 habent
767 1867 868 1908 Ald.
900 1867 1008 1908 Rob.
1039 1871 1166 1908 τοῖσιν
1195 1869 1333 1920 ὀρείοις
1361 1877 1561 1909 corrector
1590 1868 1781 1908 metricus

342 1935 480 1990 posuit
508 1934 549 1975 in
582 1936 746 1975 Turn.:
791 1934 843 1974 de
869 1949 954 1989 quo
981 1943 1088 1975 recte
1119 1934 1262 1989 Steph.
1294 1939 1318 1958 “
1342 1934 1422 1975 Sed
1452 1949 1525 1975 nec
1553 1933 1594 1974 in
1616 1933 1782 1974 Victorii

343 2001 447 2042 libro
461 2001 637 2041 babetur
651 2005 778 2040 τοῖσιν
791 2001 943 2052 ὀρείοις,
959 2009 999 2041 et
1014 2000 1322 2056 explicationem
1339 2000 1462 2041 fuisse
1473 2004 1540 2041 τοῦ
1552 2001 1779 2052 πετρίνοισι,

343 2083 437 2122 quae
466 2083 516 2108 ex
548 2067 729 2122 margine
763 2067 804 2106 in
839 2075 1075 2107 contextum
1112 2066 1332 2121 irrepserit,
1365 2081 1414 2106 ex
1445 2066 1655 2106 scholiaste
1684 2081 1778 2121 cog-

344 2134 513 2174 noscis.”

398 2202 497 2255 563.
517 2198 947 2254 χειμαζόμενον-ὅπη]
969 2200 1075 2240 Haec
1095 2198 1222 2254 vulgo
1241 2198 1282 2238 in
1304 2198 1388 2238 duo
1408 2197 1602 2238 dimetros
1621 2198 1758 2238 divisa.

400 2266 632 2320 ἀμπλακίης]
654 2265 921 2306 Scribendum
944 2266 1164 2316 ἀμπλακίας
1184 2280 1232 2305 ex
1255 2265 1366 2305 A.B.

400 2337 552 2376 ποιναῖς
568 2334 678 2373 Rob.
696 2332 838 2387 Steph.
854 2341 894 2372 et
910 2332 1004 2387 Pars
1019 2332 1220 2372 codicum.
1251 2330 1377 2371 Pauci
1398 2333 1533 2373 ποινᾶς
1552 2339 1598 2370 ut
1619 2331 1751 2370 Turn.
1768 2347 1776 2370 :

343 2399 482 2456 plures
499 2401 650 2448 ποινὰς,
672 2398 783 2454 quod
805 2409 865 2439 est
885 2398 926 2438 in
943 2400 1008 2438 Μ.
1032 2408 1073 2439 et
1089 2397 1206 2447 Ald.,
1228 2412 1336 2438 unus
1355 2400 1502 2447 ποινῆς.
1524 2401 1550 2420 “
1567 2413 1628 2448 γρ.
1644 2398 1781 2438 ποινὰς

344 2467 476 2523 ὀλέκῃ.
537 2465 658 2516 Quod
698 2465 849 2506 durum
890 2464 990 2505 mihi
1029 2464 1216 2505 videtur:
1263 2479 1390 2519 quare
1426 2464 1490 2504 vel
1530 2463 1779 2504 retinendam

344 2533 555 2574 lectionem
578 2540 757 2573 nostram
782 2547 939 2582 censeo,
955 2531 1022 2572 'vel
1052 2546 1128 2586 pro
1157 2533 1293 2573 ποινὰς
1321 2530 1439 2581 ὀλέκῃ
1468 2545 1518 2571 ex
1548 2530 1782 2586 conjectura

343 2598 508 2654 legerim
548 2598 665 2639 ποινά
704 2597 740 2638 σ’
781 2598 923 2638 ὀλέκει.
986 2599 1232 2652 Quanquam
1270 2606 1389 2637 antea
1427 2611 1462 2637 v.
1504 2609 1595 2638 112.
1636 2595 1780 2651 plurali

345 2680 516 2706 numero
556 2680 654 2705 usus
685 2674 746 2705 est
780 2664 856 2704 hoc
891 2664 1065 2711 nomine,
1101 2663 1259 2704 τοιάσδε
1296 2665 1432 2706 ποινὰς
1470 2662 1782 2714 ἀμπλακημάτων

345 2732 475 2772 τίνω.”
517 2732 735 2771 STEPH.
793 2731 888 2770 Non
927 2729 1140 2785 probanda
1173 2729 1261 2770 haec
1302 2729 1497 2784 Stephani
1537 2729 1778 2784 conjectura,

346 2812 468 2852 quam
490 2797 605 2838 ποινά
625 2797 664 2837 in
686 2796 800 2847 ποινή
821 2805 980 2838 mutato
1000 2796 1150 2851 recepit
1169 2795 1447 2836 Blomfieldus.

403 2862 532 2903 ὀλέκει
553 2864 606 2903 Ε.
669 2862 804 2917 Vulgo
824 2862 953 2913 ὀλέκῃ.

403 2930 499 2981 564.
522 2929 612 2983 ὅπη]
635 2927 903 2969 Scribendum
926 2929 1013 2969 ὅποι
1033 2941 1083 2967 ex
1105 2929 1168 2968 M.
1191 2937 1230 2967 et
1251 2926 1390 2967 Guelf-
