1898 3256
345 256 435 298 AD
467 253 721 297 SEPTEM
753 249 1084 294 ADVERSUS
1117 248 1385 290 THEBAS.
1512 245 1596 286 155

191 369 286 423 263.
308 368 402 423 σὺν]
428 366 701 410 Scribendum
724 365 794 417 ξὺν
813 378 908 405 cum
931 359 1160 404 Brunckio.

188 436 394 490 πείσομαι]
419 437 576 487 οἴσομαι
598 433 796 476 cantabr.
819 432 994 489 primus.
1025 428 1178 483 Eurip.
1197 425 1403 468 Phoeniss.
1420 436 1516 480 909.
1537 422 1596 464 Τὸ

132 502 297 554 μέλλον,
326 505 362 544 εἰ
390 502 478 557 χρὴ,
507 503 707 554 πείσομαι·
740 502 781 543 τί
806 502 883 554 γὰρ
911 498 1050 545 πάθω;
1084 495 1157 538 ubi
1188 494 1317 536 schol.
1345 496 1387 535 in
1417 493 1516 534 MS.
1538 491 1597 532 R.

132 569 245 626 apud
267 571 516 619 Porsonum,
538 569 650 610 hunc
672 582 834 609 versum
856 564 1009 607 laudat.
1043 562 1278 604 BLOMF.

192 638 288 679 266.
311 638 485 679 Comma
505 645 598 692 post
619 637 789 689 κρείσσω
809 632 949 690 posuit
972 630 1219 673 Brunckius.

190 704 413 758 ξυμμάχους
434 705 570 745 Viteb.
603 702 830 757 συμμάχους
850 700 989 756 vulgo.

192 774 288 813 268.
311 771 554 827 ὀλολυγμὸν]
571 771 816 812 Femineum
833 769 1054 811 ululatum.
1085 766 1318 817 Ὀλολύξαι,
1341 764 1404 805 καὶ
1422 764 1598 816 ὀλολυγῃ

132 840 373 894 χρήσασθαι,
396 841 459 881 ἐπὶ
478 842 674 893 γυναικῶν
696 837 858 879 Polluc.
885 851 921 886 1,
947 849 1013 889 27.
1064 834 1235 891 Optime
1255 830 1474 888 distinguit
1505 830 1599 871 Xe-

133 908 257 964 nopb.
280 908 420 949 Anab.
442 921 484 960 4,
507 921 549 963 3,
582 921 648 961 19.
684 905 909 955 ἐπαιάνιζον
927 904 1075 948 πάντες
1095 906 1133 945 οἱ
1154 906 1400 956 στρατιῶται,
1425 899 1487 941 καὶ
1507 900 1599 951 ἀνη-

131 975 319 1025 λάλαζον.
351 976 624 1027 ξυνωλόλυζον
646 977 689 1016 δὲ
707 975 769 1016 καὶ
794 976 835 1016 αἱ
854 978 1039 1027 γυναῖκες
1060 972 1223 1014 ἅπασαι.
1257 970 1387 1012 Plura
1406 981 1599 1025 quaerens

131 1043 253 1084 adeat
273 1044 498 1099 Spanhem.
516 1043 568 1084 ad
587 1042 828 1085 Callimach.
852 1043 913 1082 H.
934 1040 1028 1082 Del.
1047 1040 1142 1095 258.
1164 1048 1205 1080 et
1225 1038 1279 1079 ad
1300 1036 1462 1079 Julian.
1486 1037 1597 1092 Imp.

132 1126 172 1165 p.
198 1123 291 1165 234.
316 1112 460 1167 Synes.
484 1113 568 1168 Ep.
589 1127 630 1167 p.
658 1111 740 1163 164
756 1111 808 1152 C.
832 1111 983 1162 ἀνδρῶν
1004 1108 1168 1162 οἰμωγὴ,
1188 1110 1386 1160 γυναικῶν
1405 1103 1595 1158 ὀλολυγή.

136 1179 445 1235 Virg.fimineo
464 1180 645 1221 ululatu.
677 1179 853 1227 ὀλολύζω
873 1176 987 1234 apud
1004 1186 1162 1218 veteres
1183 1189 1265 1215 non
1293 1173 1369 1214 nisi
1399 1172 1442 1213 in
1473 1172 1598 1214 rebus

132 1246 238 1288 laetis
267 1247 474 1304 usurpari,
506 1246 666 1288 'notavit
702 1245 994 1287 Hemsterhus.
1031 1244 1083 1285 ad
1116 1242 1295 1285 Lucian.
1325 1243 1382 1282 T.
1414 1255 1447 1282 1.
1483 1255 1527 1296 p.
1556 1252 1596 1294 7.

134 1315 369 1356 BLOMF.

192 1381 297 1438 ἱρὸν]
322 1381 589 1424 Scribebatur
610 1383 729 1435 ἱερόν.
769 1382 966 1422 Formam
983 1378 1233 1436 disyllabam
1257 1377 1461 1434 AEschylo
1481 1376 1599 1418 resti-

134 1450 195 1491 tui
215 1449 281 1491 hic
301 1459 342 1491 et
362 1450 511 1505 fragm.
527 1462 625 1504 312.
646 1452 724 1490 ποῦ
743 1447 774 1490 δ’
798 1448 908 1490 ἔστιν
925 1447 1095 1501 Ἀργοῦς
1115 1446 1214 1500 ἱρὸν,
1238 1447 1426 1493 αὔδασον,
1448 1445 1571 1495 ξύλον
1582 1460 1596 1496 ;

133 1518 198 1559 Ad
232 1517 359 1574 Soph.
382 1517 486 1559 OEd.
515 1516 606 1558 Col.
636 1518 701 1558 16.
735 1516 807 1557 ubi
837 1516 966 1572 vulgo
992 1516 1034 1556 in
1064 1514 1183 1556 initio
1209 1513 1384 1555 trimetri
1413 1516 1541 1567 χῶρος
1564 1511 1597 1553 δ’

133 1585 187 1627 ὅδ’
211 1587 312 1639 ἱερός
341 1586 557 1642 legebatur
582 1586 670 1626 haec
689 1584 786 1626 olim
812 1583 1006 1626 annotavi
1034 1583 1075 1624 in
1106 1581 1351 1639 praefatione
1370 1581 1423 1622 ad
1446 1581 1598 1621 Poetas

133 1653 310 1695 scenicos
330 1669 374 1710 p.
397 1652 482 1694 xiii.
506 1657 529 1676 “
545 1651 727 1693 Restitui
750 1652 844 1705 ἱρὸς,
866 1651 980 1707 quod
1010 1650 1166 1692 librarii
1193 1665 1244 1691 ex
1275 1659 1491 1705 poetarum
1513 1649 1596 1690 At-

133 1720 308 1762 ticorum
331 1720 485 1762 fabulis
504 1730 587 1761 tam
609 1719 794 1760 studiose
808 1718 1060 1775 expulerunt
1075 1727 1124 1759 ut
1138 1733 1232 1759 raro
1247 1717 1288 1757 in
1307 1715 1420 1758 libris
1435 1715 1598 1772 scriptis

133 1798 369 1844 compareat
388 1797 430 1829 et
448 1787 501 1828 ab
522 1786 672 1828 criticis
691 1801 773 1827 non
794 1785 914 1827 facile
933 1785 1075 1826 inferri
1097 1785 1237 1834 soleat,
1259 1784 1336 1825 nisi
1357 1783 1487 1825 sicubi
1512 1798 1596 1825 me—

136 1866 246 1897 trum
267 1870 488 1912 exposcere
507 1854 711 1904 videatur,
730 1864 776 1895 ut
797 1853 839 1894 in
860 1853 1101 1895 Troadibus
1122 1850 1339 1909 Euripidis
1358 1867 1397 1893 v.
1420 1852 1543 1907 1065.

479 1923 650 1975 σμύρνης
668 1922 843 1974 αἰθερίας
859 1937 903 1962 τε
925 1938 991 1962 κα-

480 1989 582 2031 πνὸν
602 1989 664 2030 καὶ
685 1988 902 2042 Πέργαμον
923 1988 1024 2041 ἱράν.

138 2056 249 2097 Mihi
279 2072 377 2098 vero
405 2056 595 2114 pluribus
624 2055 784 2097 indiciis
812 2065 972 2097 constat
1002 2055 1178 2112 tragicos
1209 2071 1290 2097 non
1319 2056 1359 2096 in
1393 2055 1598 2112 ejusmodi

137 2123 268 2165 solum
306 2124 417 2174 locis,
448 2123 582 2180 qualis
612 2123 680 2165 ille
710 2122 928 2180 Euripidis
961 2134 1036 2174 est,
1072 2123 1143 2164 sed
1176 2123 1300 2164 etiam
1332 2123 1373 2164 in
1404 2123 1598 2165 diverbiis

139 2191 281 2233 Ionica
303 2207 389 2233 esse
418 2191 552 2232 forma
578 2190 766 2232 vocabuli
795 2206 890 2232 usos
926 2190 1179 2247 ubicumque
1210 2191 1336 2247 pedes
1364 2191 1489 2233 soluti
1518 2191 1598 2233 hac

136 2260 292 2302 ratione
311 2260 432 2301 vitari
461 2269 641 2316 possent,
663 2259 791 2300 veluti
820 2259 863 2300 in
893 2259 972 2300 hoc
1002 2259 1092 2316 ipso
1125 2260 1342 2316 Sophoclis
1366 2276 1501 2309 versu,
1524 2260 1598 2302 ubi

137 2342 233 2369 casu
265 2327 402 2368 evenit
435 2338 482 2369 ut
513 2327 593 2380 ἱρὸς
624 2337 666 2368 et
700 2326 740 2367 in
776 2327 942 2383 optimis
981 2327 1194 2369 codicibus
1229 2328 1280 2370 sit
1314 2339 1522 2370 servatum
1556 2340 1599 2370 et

137 2394 286 2436 diserte
314 2395 502 2451 agnitum
531 2394 584 2435 ab
614 2393 744 2435 Suida
769 2393 810 2434 in
838 2394 880 2435 h.
901 2410 943 2435 V.
991 2396 1131 2445 Quare
1167 2395 1245 2447 ἱρὸς
1279 2395 1378 2437 locis
1407 2395 1599 2452 plurimis

138 2461 310 2509 restitui,
332 2462 453 2503 etiam
483 2461 524 2502 in
557 2461 773 2518 postremis
802 2461 953 2503 fabulis
975 2462 1205 2517 Euripidis,
1224 2479 1322 2519 quae
1344 2462 1439 2504 licet
1460 2463 1597 2505 minus

138 2530 357 2570 elaboratae
403 2529 484 2570 sint
522 2543 647 2585 quam
687 2529 939 2585 antiquiores
983 2530 1212 2585 tragoediae,
1253 2541 1391 2571 tamen
1442 2531 1598 2573 solutos

139 2597 265 2653 pedes
293 2595 434 2637 dedita
462 2611 586 2652 opera
617 2596 814 2652 quaesitos
842 2596 994 2637 habere
1023 2612 1096 2638 nec
1123 2598 1450 2639 demonstratum
1481 2607 1542 2640 est
1572 2615 1598 2640 a

138 2681 346 2723 quoquam
369 2675 408 2706 et
430 2665 482 2706 ab
503 2664 659 2706 ratione
678 2665 885 2706 abhorret.
921 2665 1033 2716 Quid
1055 2666 1168 2722 quod
1193 2682 1242 2707 ne
1262 2667 1406 2708 comici
1425 2667 1594 2723 quidem

137 2745 271 2790 poetae
306 2732 359 2773 ab
389 2732 499 2772 illius
533 2747 610 2772 usu
644 2733 788 2773 formae
822 2733 1126 2781 abstinuerunt,
1160 2748 1287 2789 quam
1322 2734 1596 2791 Aristophani

137 2801 302 2842 duobus
322 2800 363 2840 in
385 2799 484 2840 locis
506 2798 674 2854 (Equit.
695 2813 737 2839 v.
759 2812 857 2853 30¹·
882 2801 1049 2855 Vespar.
1073 2816 1114 2841 v.
1138 2801 1258 2856 308.)
1284 2802 1402 2843 metri
1422 2802 1595 2844 adactus

138 2868 376 2910 necessitate
395 2866 576 2909 reddidit
596 2867 866 2907 Hermannus
881 2866 923 2907 in
941 2867 1171 2909 Elementis
1185 2868 1384 2910 doctrinae
1399 2871 1594 2922 metricae,

138 2935 291 2991 quibus
310 2949 420 2975 nunc
440 2933 637 2974 accedant
658 2934 873 2973 Ranarum
895 2949 1038 2975 versus
1059 2948 1156 2987 440.
1177 2947 1279 2989 447.
1329 2937 1396 2979 De
1417 2940 1595 2982 vocabu-

819 3016 841 3041 υ
868 3016 889 3042 2
