1898 3256
367 243 422 281 84
838 243 1331 284 ANNOTATIONES

423 352 709 407 φοιταλέοισιν]
732 353 998 394 Scribendum
1022 354 1245 405 φοιταλέοις
1267 367 1359 393 cum
1384 353 1796 399 Hermanno‚.versus

365 428 500 459 autem
522 419 577 459 sic.
597 419 829 459 dividendi:

535 485 751 536 ὠνόμασας,
775 486 799 526 ἃ
818 485 996 536 μαραίνει
1015 502 1063 535 με
1083 486 1249 538 χρίουσα
1271 485 1440 536 κέντροις

533 551 770 603 φοιταλέοις,
791 551 811 592 ἓ
831 552 863 592 ἔ.

361 617 463 657 Post
484 617 650 669 κέντροις
667 617 906 658 exciderunt
926 617 1093 672 syllabae
1113 617 1221 667 duae,
1242 618 1412 658 fortasse
1432 617 1506 657 ἆεί.

418 690 514 729 600.
547 689 739 743 νήστισιν]
771 681 950 739 νήστῗσιν
972 690 1033 730 Μ.
1066 689 1253 740 νήστησιν
1281 688 1436 743 aliquot
1465 687 1582 728 codd.
1613 695 1654 727 et
1684 688 1794 727 varia

359 753 478 795 lectio
506 769 570 809 ap.
603 754 867 795 scholiastam.
903 755 1094 805 Νήστιδες
1123 755 1208 795 δύαι
1238 756 1390 810 Agam.
1419 770 1459 794 v.
1482 756 1603 795 1621.
1632 769 1793 809 compa-

358 820 464 861 ravit
485 820 763 861 Blomfieldus.

415 887 510 926 601.
532 888 777 938 λαβρόσυτος
797 886 1030 927 Elmsleius.
1060 889 1335 939 λαβρόσσττος
1355 886 1461 926 libri.

409 949 540 1003 ‘'Hpas
558 967 609 992 ex
630 952 842 992 scholiasta
861 952 1063 1000 additum,
1086 953 1240 992 monitu
1264 951 1504 993 Her-manni.

416 1018 511 1058 602.
544 1018 830 1058 ἐπικότοισι-ἒ
861 1018 895 1072 ἒ]
924 1020 1028 1058 Haec
1048 1020 1170 1059 verba
1199 1018 1238 1057 in
1271 1033 1396 1058 unum
1426 1033 1585 1058 versum
1616 1017 1787 1072 conjun-

389 1083 505 1124 enda.

359 1098 388 1138 g
416 1151 510 1190 606.
532 1151 572 1190 τί
587 1152 716 1203 μῆχαρ
738 1150 969 1191 Elmsleius.
1017 1151 1254 1218 Legebatur
1273 1151 1314 1190 τί
1328 1151 1379 1202 μὴ
1398 1151 1485 1204 χρή.
1523 1150 1648 1190 Pauci
1670 1150 1787 1191 codd.

1138 1219 1172 1237 011

1469 485 1549 509 *⁴*

357 1248 398 1287 τί
419 1263 468 1298 με
487 1247 561 1300 χρὴ
582 1247 644 1288 vel
666 1249 706 1289 τί
721 1265 785 1299 μοι
804 1248 891 1301 χρὴ,
916 1263 1022 1289 unus
1042 1249 1082 1288 τί
1097 1248 1148 1299 μὴ
1167 1248 1254 1301 χρὴ,
1277 1262 1369 1288 cum
1392 1263 1477 1288 var.
1495 1248 1585 1289 lect.
1606 1249 1646 1289 τί
1659 1265 1725 1299 μοι
1745 1248 1790 1288 οὐ

356 1312 447 1366 >0³⁷5-

411 1378 436 1429 ἢ
456 1379 614 1420 addidit
636 1380 855 1436 Reisigius.

414 1445 509 1486 608.
531 1445 652 1497 φράζε
670 1445 733 1500 τᾷ]
755 1446 918 1498 φράζετε
938 1448 1003 1488 Μ.
1034 1447 1154 1500 φράζε
1174 1464 1217 1488 τε
1237 1447 1319 1487 duo
1338 1446 1459 1487 codd.
1480 1457 1521 1486 et
1542 1446 1670 1496 Rob.,
1691 1460 1789 1486 non-

355 1509 455 1551 nulli
477 1511 598 1564 φράζε
616 1528 659 1552 τε
688 1514 749 1565 τᾷ.
780 1512 903 1565 φράζε
930 1514 972 1553 δὲ
993 1513 1092 1554 Ald.
1152 1513 1269 1554 Libri
1299 1514 1481 1568 plerique
1510 1513 1630 1565 φράζε
1659 1515 1718 1566 τᾷ,
1742 1522 1787 1552 ut

357 1577 491 1617 Turn.

412 1645 509 1696 609.
531 1644 665 1698 τορῶς]
687 1649 824 1697 σαφῶς
843 1645 969 1685 codex
994 1660 1112 1686 unus.

408 1709 519 1764 ὅπερ]
542 1710 780 1765 Legebatur
799 1712 821 1750 ὅ
840 1728 890 1750 τι.
951 1712 1190 1752 Correctum
1211 1726 1261 1751 ex
1282 1713 1425 1767 Etym.
1447 1711 1509 1751 M.
1532 1726 1572 1766 p.
1597 1710 1694 1764 762,
1718 1723 1784 1765 29.

353 1784 394 1815 et
415 1776 610 1816 Gudiano
628 1792 669 1832 p.
688 1789 784 1831 532.

410 1842 505 1892 614.
526 1843 689 1897 τλῆμον]
710 1843 866 1895 τλήμων
881 1844 936 1883 Ε.

409 1908 532 1963 δίκην]
553 1908 668 1962 χάριν
688 1909 772 1949 duo
792 1909 910 1949 codd.
933 1909 1036 1960 δίκης
1058 1909 1209 1950 Christ.
1232 1910 1322 1950 Pat.
1347 1920 1439 1963 700.

409 1975 504 2028 615.
535 1975 664 2029 ἁρμοῖ]
694 1976 834 2024 Modo,
865 1990 1013 2030 nuper.
1044 1977 1191 2027 ἀρτίως.
1223 1975 1403 2030 Hesych.
1429 1976 1613 2017 Erotian.
1641 1975 1782 2031 Ἃρμῷ.

351 2040 489 2094 ἡσυχῆ,
509 2045 659 2093 μικρῶς.
691 2042 742 2083 ὡς
762 2041 823 2080 καὶ
843 2041 1083 2093 Φερεκράτης
1105 2043 1148 2082 ἐν
1164 2045 1456 2082 Μεταλλοῦσιν.
1489 2043 1782 2096 Syracusanam

351 2121 436 2146 esse
461 2121 599 2147 vocem
630 2121 679 2146 ex
712 2106 933 2146 Heraclide
963 2107 1086 2147 tradit
1113 2107 1306 2148 Eustath.
1327 2107 1379 2148 ad
1403 2107 1453 2147 Il.
1475 2111 1523 2148 A.
1540 2122 1580 2163 p.
1603 2121 1695 2159 140,
1717 2123 1783 2164 13.

350 2172 516 2227 quicum
538 2172 658 2213 sentit
679 2171 870 2212 Valcken.
886 2171 927 2211 in
949 2172 1083 2227 Epist.
1104 2172 1155 2213 ad
1178 2174 1330 2214 Rover.
1347 2188 1385 2228 p.
1400 2187 1469 2228 49.
1485 2174 1582 2228 quia
1601 2174 1780 2229 ejusdem

349 2238 545 2293 analogiae
574 2247 648 2286 est,
679 2238 797 2293 cujus
827 2247 922 2279 sunt
950 2238 1145 2279 dictiones
1176 2240 1452 2294 Syracusanae,
1477 2250 1584 2280 certe
1604 2241 1780 2290 Doricae,

351 2305 471 2354 ἐνδοῖ,
494 2306 586 2354 ἐξοῖ,
606 2307 730 2345 πεδοῖ.
762 2306 879 2355 ἁρμοῖ
895 2319 944 2344 an
962 2305 1080 2357 ἆρμοῖ
1095 2305 1351 2346 scribendum
1373 2307 1436 2354 sit,
1457 2306 1562 2348 inter
1581 2322 1782 2363 gramma-

349 2369 449 2410 ticos
487 2384 568 2410 non
606 2369 820 2415 convenit;
873 2369 942 2410 sed
976 2369 1219 2425 plerumque
1257 2372 1475 2419 δασύνεται,
1517 2382 1617 2413 teste
1655 2372 1778 2414 schol.

351 2437 491 2476 Venet.
518 2435 571 2476 ad
599 2435 649 2476 Il.
672 2439 719 2476 A.
739 2436 837 2486 486.
898 2437 1090 2476 Ceterum
1121 2436 1303 2477 conferas
1334 2437 1520 2492 Sophocl.
1542 2438 1662 2494 Ajac.
1686 2451 1779 2493 799.

350 2502 487 2553 ἀρτίως
516 2501 765 2553 πεπαυμένην
800 2503 944 2543 Πόνων
977 2503 1161 2556 ἀτρύτων.
1200 2504 1426 2544 BLOMF.
1463 2503 1493 2544 ὦ
1526 2521 1592 2555 μοι
1625 2504 1780 2560 aliquot

349 2567 468 2609 codd.

407 2635 501 2674 616.
522 2632 650 2687 τήνδε]
672 2633 787 2674 τάνδε
807 2633 983 2674 Vindob.
1000 2648 1114 2698 ⁶unus
1133 2644 1172 2675 et
1194 2635 1294 2675 Ald.
1317 2636 1423 2677 Rob.

406 2732 502 2782 617.
523 2730 636 2784 αἰτεῖ]
657 2732 742 2781 αἰτῇ
765 2729 899 2785 vulgo.
922 2733 1022 2771 αἰτεῖ
1040 2731 1103 2772 Μ.
1135 2734 1252 2775 αἰτεῖς
1273 2732 1447 2774 Vindob.
1469 2748 1590 2774 unUS.

405 2799 484 2836 πᾶν
512 2798 586 2848 γὰρ
616 2796 664 2837 ἂν
693 2798 828 2837 πύθοιο
857 2796 1107 2852 adscriptum
1135 2797 1176 2837 in
1197 2799 1249 2838 Β.
1275 2802 1354 2840 πᾶν
1372 2801 1447 2851 γὰρ
1466 2800 1536 2840 οὖν
1554 2800 1689 2840 πύθοιο
1711 2800 1774 2841 Μ.

349 2870 389 2901 et
414 2861 525 2901 varia
553 2861 669 2902 lectio
696 2877 760 2917 ap.
785 2862 1051 2918 Stephanum.
1081 2863 1207 2904 πάντα
1235 2867 1310 2917 γὰρ
1339 2867 1474 2907 πύθοιο
1493 2867 1605 2907 A.B.
1625 2866 1774 2921 aliique

347 2941 442 2967 cum
461 2926 562 2968 Ald.
582 2927 691 2968 Rob.
713 2931 792 2968 πᾶν
811 2930 886 2981 γὰρ
908 2929 1085 2970 ἐκπύθοιο
1108 2931 1241 2970 Turn.
