1898 3256
661 231 750 274 AD
781 232 1033 273 PERSAS.
1500 230 1586 270 253

122 347 336 404 Sophoclis
362 361 542 398 versum,
574 345 790 398 Ἐδοξάτην
823 362 889 397 μοι
924 347 973 386 τὰ
1009 343 1065 386 δύ’
1099 345 1246 397 ἠπείρω
1281 347 1437 396 μολεῖν,
1475 342 1532 384 sic
1563 358 1589 384 a

120 415 402 457 Valckenaerio
433 414 697 457 emendatum
740 429 818 470 pro
851 412 932 455 τάδ’
967 413 1127 468 ἠπείρῳ.
1179 411 1275 453 Vid.
1313 410 1501 453 Pierson.
1534 411 1589 452 ad

120 484 351 526 Herodian.
373 500 417 541 p.
438 496 536 540 435.
571 484 652 525 Sed
672 482 894 539 legendum
916 483 970 523 τὼ
990 480 1046 523 δύ’
1068 481 1228 534 ἠπείρω,
1251 495 1302 522 ex
1330 479 1472 521 Attica
1491 494 1589 521 con-

120 552 351 594 suetudine.
404 552 496 594 Vid.
519 553 626 594 Lex.
650 549 843 608 Sophocl.
866 566 905 592 V.
925 550 992 591 Τὼ
1010 553 1136 603 χεῖρε.
1190 550 1388 590 Ceterum
1415 548 1498 589 huc
1522 564 1588 589 re-

121 620 300 676 spexisse
332 620 522 662 videatur
557 619 723 661 Mosch.
763 618 893 675 Idyll.
929 630 968 661 2.
998 618 1036 658 8.
1069 616 1227 658 Ὠΐσατ’
1262 617 1446 669 ἠπείρους
1481 618 1589 660 δοιὰς

120 689 209 742 περὶ
240 690 297 730 εἷο
326 689 537 743 μάχεσθαι,
559 687 727 735 Ἀσιάδ’,
749 686 962 739 ἀντιπέρην
981 702 1037 733 τε,
1061 685 1167 739 φυὴν
1187 685 1218 727 δ’
1243 685 1340 740 ἔχον
1360 686 1426 726 οἶα
1452 689 1588 738 γυναῖ-

121 774 198 800 κες.
249 761 340 798 Τῶν
370 756 401 798 δ’
431 757 455 808 ἡ
481 758 556 808 μὲν
585 757 713 808 ξείνης
740 754 899 808 μορφὴν
920 753 1073 808 ἔχεν,ἡ
1103 752 1134 794 δ’
1157 752 1215 807 ἄρ’
1239 751 1352 809 ἐῴκει
1380 752 1586 805 Ἐνδαπίῃ.

120 825 353 867 BLOMF.
386 825 454 865 De
473 825 572 866 orbe
593 834 795 864 terrarum
818 822 859 863 in
877 821 983 863 duas
1002 831 1142 879 partes
1161 838 1187 864 a
1207 821 1418 863 veteribus
1438 819 1588 872 diviso,

119 893 264 934 Asiam
287 902 328 934 et
354 894 580 948 Europam,
598 906 638 932 V.
657 890 807 932 Schaef.
831 889 978 932 Melet.
1001 890 1108 932 Crit.
1128 906 1170 947 p.
1192 903 1288 947 37.:
1323 889 1436 930 unde
1456 888 1588 946 expli-

119 960 297 1002 candum
317 960 432 1017 quod
451 961 559 1001 duas
579 959 657 1001 sibi
678 958 869 1000 mulieres
889 958 1131 1015 apparuisse
1151 967 1293 1000 narrat
1314 959 1483 999 Atossa.

179 1029 275 1081 184.
304 1027 481 1084 μεγέθει]
510 1029 778 1078 Proceritate,
811 1042 898 1083 qua
927 1026 1013 1068 sine
1044 1026 1221 1068 formam
1250 1041 1332 1068 non
1367 1041 1454 1067 esse
1486 1040 1586 1082 per-

118 1096 266 1138 fectam
298 1096 517 1153 putabant.
567 1096 776 1138 Herodot.
798 1108 843 1151 3,
868 1109 904 1136 1.
931 1094 1337 1149 Ἀπρίεω-θυγατὴρ
1367 1095 1491 1148 κάρτα
1518 1111 1588 1146 με-

118 1165 224 1219 γάλη
244 1182 289 1206 τε
308 1165 371 1206 καὶ
393 1164 551 1217 εὐειδής.
584 1165 817 1206 BLOMF.

176 1232 488 1287 ἐκπρεπεστάτα]
517 1231 814 1286 εὖπρεπεστάτα
833 1230 953 1273 codd.
975 1231 1136 1286 aliquot
1155 1241 1196 1272 et
1217 1230 1323 1272 Ald.
1347 1231 1484 1272 Turn.

181 1301 275 1356 185.
305 1301 466 1356 ἀμώμω]
490 1302 580 1342 Vox
603 1300 656 1341 de
675 1300 810 1341 forma
834 1298 1097 1354 peculiariter
1126 1308 1341 1355 usurpata.
1392 1299 1587 1340 Musaeus

119 1369 224 1410 Her.
245 1379 287 1411 et
307 1369 469 1411 Leand.
491 1381 561 1423 92.
590 1368 752 1411 Κάλλος
773 1369 850 1421 γὰρ
880 1367 1124 1420 περίπυστον
1144 1366 1367 1419 ἀμωμήτοιο
1387 1369 1584 1420 γυναικός.

120 1438 313 1479 Incertus
343 1437 384 1478 in
407 1436 591 1478 Brunck.
613 1435 742 1478 Anal.
766 1435 847 1478 vol.
868 1449 907 1492 3.
930 1450 972 1492 p.
999 1436 1095 1490 158.
1124 1435 1240 1479 Εἶδος
1268 1437 1344 1488 μὲν
1375 1438 1452 1490 γὰρ
1482 1437 1586 1489 ἄμω-

117 1522 206 1557 μον,
239 1504 297 1547 ἐπ’
320 1506 469 1557 ὄμμασι
499 1503 530 1545 δ’
562 1506 588 1545 ἆ
617 1505 834 1557 περίσαμος
855 1505 992 1547 Αἰδώς.
1045 1504 1178 1545 Haud
1207 1505 1290 1546 alio
1318 1520 1440 1545 sensu
1462 1503 1588 1546 Calli-

118 1573 250 1614 mach.
273 1572 368 1614 Del.
395 1586 460 1628 19.
488 1571 544 1613 ‘H
565 1570 595 1613 δ’
618 1573 756 1614 ὄπιθεν
776 1573 978 1613 Φοίνισσα
1004 1571 1087 1624 μετ’
1109 1574 1220 1627 ἴχνια
1251 1574 1402 1626 Κύρνος
1433 1573 1586 1624 ὀπηδεῖ,

119 1642 203 1683 Οὐκ
223 1641 355 1693 ὀνοτή.
387 1641 563 1698 Dionys.
580 1640 743 1695 Perleg.
762 1640 860 1695 839.
878 1640 939 1681 Οὐ
959 1642 1038 1691 μὰν
1059 1640 1149 1681 οὐδὲ
1170 1644 1358 1694 γυναῖκας
1378 1642 1584 1691 ὀνόσσεαι,

118 1709 144 1752 i.
166 1726 202 1752 e.
221 1711 276 1752 ob
295 1708 617 1766 pulchritudinis
637 1708 862 1749 defectum.
895 1709 1130 1750 BLOMF.
1179 1709 1322 1764 ἀμώμῳ
1344 1708 1447 1749 Ald.
1471 1708 1584 1750 Rob.

179 1776 415 1833 κασιγνήτα]
439 1794 498 1830 γρ.
523 1775 742 1830 κασιγνήτω
764 1775 805 1816 in
830 1776 879 1816 B.

180 1843 395 1897 κασιγνήτα
424 1843 565 1897 γένους
594 1843 754 1897 ταύτοῦ]
791 1840 1034 1891 Scholiasta,
1055 1840 1238 1894 Ἀνδρων
1269 1842 1290 1881 ὁ
1319 1839 1586 1895 Ἀλικαρνασ-

120 1912 213 1955 σεὺς
246 1912 347 1964 φησὶ
385 1911 456 1952 τὸν
490 1910 690 1952 Ὠκεανὸν
731 1913 852 1964 γῆμαι
892 1910 1171 1963 Πομφολύγην
1207 1909 1271 1950 καὶ
1306 1912 1583 1962 Παρθενόπην.

120 1983 239 2033 σχεῖν
259 1980 316 2029 δὲ,
337 1980 380 2020 ἐκ
395 1981 470 2030 μὲν
490 1979 752 2031 Παρθενόπης
772 1978 963 2031 Εὐρώπην
989 1978 1053 2019 καὶ
1075 1977 1254 2030 Θράκην,
1279 1978 1322 2018 ἐκ
1347 1978 1389 2018 δὲ
1418 1982 1587 2032 Πομφο-

119 2048 255 2100 λύγης,
275 2046 420 2088 Ἀσίαν
441 2047 504 2088 καὶ
523 2047 692 2098 Λιβύην,
715 2046 783 2099 ἀφ’
805 2048 861 2088 ὧν
880 2048 950 2090 τὰς
978 2046 1161 2100 ἠπείρους
1190 2047 1462 2099 ὀνομασθῆναι
1490 2064 1588 2099 συμ-

117 2114 281 2167 βέβηκε.
334 2116 441 2156 Haec
463 2116 642 2156 Tzetzes
671 2114 725 2156 ad
757 2115 971 2171 Lycophr.
995 2114 1247 2171 compilavit,
1268 2122 1310 2155 et
1330 2114 1524 2156 Eudoeia
1543 2114 1585 2156 in

117 2182 299 2224 Violario
329 2198 370 2239 p.
395 2196 495 2239 439.
546 2182 714 2224 Citatur
741 2181 926 2236 Ἀνδρων
958 2184 979 2223 ὁ
1004 2181 1354 2235 μἈλικαρνασσεὺς
1383 2198 1450 2239 ap.
1485 2182 1588 2224 Plu-

116 2250 244 2292 tarch.
272 2250 316 2292 in
348 2250 528 2292 Theseo.
578 2250 776 2292 Eundem
806 2250 934 2292 fuisse
964 2260 1068 2307 puto
1099 2266 1194 2292 cum
1219 2249 1304 2300 illo,
1330 2250 1452 2306 cujus
1480 2251 1588 2293 liber

115 2319 204 2372 περὶ
225 2320 383 2360 Πόντου
412 2318 609 2360 laudatur
635 2334 661 2360 a
681 2318 899 2360 scholiasta
919 2318 1136 2374 Apollonii
1161 2330 1199 2368 2,
1223 2320 1321 2373 948.
1346 2319 1417 2361 ubi
1438 2319 1586 2361 distin-

117 2386 262 2442 guitur
290 2387 344 2429 ab
365 2387 569 2429 Androne
596 2387 706 2429 Teio
738 2387 832 2442 (qui
862 2386 1047 2428 fortassis
1075 2386 1186 2428 idem
1213 2387 1341 2428 fuerit
1366 2403 1414 2429 ac
1434 2389 1589 2431 Andro

118 2453 343 2510 Ephesius,
365 2455 418 2496 de
447 2470 533 2511 quo
562 2454 649 2496 vid.
670 2455 792 2496 Jons.
826 2454 938 2495 Hist.
963 2454 1112 2511 Script.
1135 2455 1292 2496 Philos.
1320 2469 1358 2506 1,
1382 2457 1456 2509 8.).
1482 2458 1585 2514 My-

118 2520 328 2576 thologica
366 2521 561 2577 quaedam
594 2536 646 2562 ex
679 2521 885 2563 Androne
917 2521 1099 2563 citantur
1136 2537 1162 2562 a
1192 2522 1320 2566 schol.
1355 2524 1499 2565 Venet.
1532 2524 1588 2566 ad

121 2588 243 2630 Iliad.
265 2593 315 2630 A.
336 2602 406 2644 52.
428 2590 616 2647 Etymol.
642 2591 710 2631 M.
742 2605 782 2646 p.
805 2592 901 2645 655,
924 2600 965 2645 5.
999 2605 1097 2646 quae
1126 2605 1177 2632 ex
1208 2591 1352 2632 eodem
1380 2590 1487 2632 libro
1516 2592 1588 2634 de-

120 2666 256 2698 sumta
285 2667 397 2707 sunt,
417 2658 492 2714 qui
522 2658 760 2699 nominatur
785 2657 979 2709 Ἐπιτομὴ
1007 2657 1098 2710 περὶ
1125 2661 1375 2711 Συγγενειῶν
1404 2674 1430 2700 a
1459 2659 1587 2702 schol.

118 2723 333 2780 Apollonii
378 2738 416 2775 1,
451 2739 520 2781 45.
582 2725 676 2766 Vid.
719 2726 880 2766 Meurs.
921 2724 975 2766 ad
1020 2723 1220 2781 Apollon.
1263 2727 1394 2782 Dysc.
1437 2741 1480 2783 p.
1517 2741 1584 2783 94.

122 2792 355 2833 BLOMF.

181 2860 276 2913 189:
307 2859 478 2914 τεύχειν]
503 2877 567 2913 γρ.
589 2864 733 2914 τεῦχον
754 2860 806 2901 Β.
837 2861 995 2914 τεύχειν
1011 2876 1090 2917 pro
1110 2861 1274 2915 ἔτευχον
1294 2860 1470 2914 dictum,
1491 2863 1586 2906 infi-

121 2925 251 2968 nitivo
270 2926 324 2967 ad
346 2926 609 2983 parenthesin
630 2927 771 2977 relato,
793 2927 858 2983 cuj
866 2942 914 2968 us
933 2927 1248 2970 constructionis
1267 2929 1456 2987 exempla
1475 2941 1585 2974 attu-

117 2994 168 3035 lit.
188 2993 461 3036 Blomfleldus
490 3010 542 3036 ex
571 2994 650 3037 hac
678 2994 821 3037 fabula
841 3009 878 3036 v.
900 2996 1001 3051 564.
1025 2997 1146 3038 τυτθὰ
1175 2994 1207 3037 δ’
1231 2997 1422 3051 ἐκφυγεῖν
1447 3000 1583 3042 ἄνακτ’
