1898 3256
299 201 382 244 260
771 205 1266 248 ANNOTATIONES

358 326 452 370 271.
492 316 591 371 δᾴαν
630 317 898 360 Blomfieldus
934 335 957 361 e
998 319 1103 361 libro
1144 320 1454 371 Lambethiano‚
1495 321 1568 376 qui
1607 320 1732 363 δαΐαν.

302 383 542 439 Legebatur
562 385 659 426 δίαν.

360 458 454 503 272.
475 449 714 506 δυσπότμως]
735 450 964 504 δυσπότμων
982 452 1139 508 aliquot
1158 452 1279 493 codd.

361 525 455 570 275.
485 514 668 572 ἁλίδονα]
693 518 961 559 Scribendum
984 520 1137 570 ἆλιδνᾶ,
1158 533 1253 574 quae
1273 518 1391 560 lectio
1410 527 1603 560 annotata
1621 518 1662 559 in
1685 519 1734 559 B.

302 583 453 623 Versus
473 597 523 623 ex
543 583 835 639 amphibracho
855 594 895 626 et
915 584 1104 626 dochmio
1123 585 1383 641 compositus.

357 651 591 703 πολυβαφῆ]
616 651 849 692 Macerata.
880 651 1053 707 Proprie
1078 651 1279 693 diceretur
1308 651 1360 692 de
1389 665 1524 707 panno
1551 665 1738 707 purpura

301 725 506 764 saturato;
540 725 587 758 ut
607 717 777 770 διβαφής
797 727 857 759 est
876 720 938 760 bis
958 720 1123 760 tinctus.
1157 719 1387 759 BLOMF.

359 792 452 836 277.
475 783 748 839 διπλάκεσσιν]
770 785 1000 826 διπλάκεσιν
1020 785 1121 826 Ald.
1143 785 1254 826 Rob.
1306 784 1511 825 Burneius
1529 794 1738 840 comparat

299 850 510 902 βαρίδεσσι
533 865 571 891 v.
593 860 690 904 559.
720 852 938 903 μερόπεσσι
969 851 1113 907 Suppl.
1136 865 1202 906 91.
1235 852 1411 904 τείχεσσι
1430 850 1616 906 Choeph.
1638 852 1735 905 363.

299 916 479 968 χείρεσσι
501 915 690 971 Sophocl.
712 916 860 972 Antig.
882 928 978 972 975.
1003 929 1126 971 1297.
1173 919 1253 959 Est
1271 926 1407 958 autem
1429 918 1568 967 δίπλαξ
1585 917 1738 973 dupleoe

298 982 551 1037 supefficies.
611 982 772 1037 Nempe
797 983 901 1034 πλάξ
930 992 989 1024 est
1015 984 1149 1039 plana
1182 985 1432 1039 superficies,
1460 983 1512 1024 de
1542 983 1644 1024 mari
1675 982 1738 1024 bis

300 1047 432 1103 posita
459 1048 501 1088 in
532 1048 608 1089 hac
642 1048 804 1089 fabula:
839 1061 934 1102 724.
966 1062 1060 1103 944.
1095 1049 1147 1090 de
1173 1050 1297 1091 turris
1325 1049 1509 1091 tabulato
1546 1048 1736 1105 Sophocl.

302 1114 498 1155 Trachin.
522 1125 615 1169 277.
636 1115 746 1156 unde
767 1114 912 1166 δίπλαξ
938 1116 1153 1167 formatur,
1178 1126 1223 1158 ut
1243 1118 1400 1160 δίαυλος
1421 1116 1474 1157 ab
1494 1116 1624 1159 αὐλός.
1683 1116 1738 1156 In

301 1180 422 1222 Iliad.
445 1186 486 1223 Γ.
511 1182 603 1222 126.
625 1183 793 1223 δίπλακα
812 1193 1024 1238 exponunt
1053 1183 1179 1224 critici
1209 1183 1433 1239 significare
1457 1184 1604 1234 δίμιτον
1622 1186 1737 1236 χλαῖ-

301 1264 384 1289 ναν.
437 1249 567 1288 Recte
586 1257 723 1289 autem
745 1248 958 1289 scholiasta
986 1254 1198 1302 πλαγκτοΐς
1218 1251 1269 1293 ὦς
1289 1250 1337 1291 ἂν
1358 1251 1458 1291 εἴποι
1476 1266 1534 1293 τις
1553 1251 1735 1292 διαύλοις·

298 1316 347 1355 τὰ
375 1316 451 1367 γὰρ
477 1315 625 1366 κύματα
652 1316 823 1368 ἐγχεῖται
849 1315 911 1356 καὶ
939 1317 1160 1358 ὑπονοστεῖ.
1210 1316 1389 1357 Verteris
1410 1315 1551 1371 igitur,
1576 1318 1643 1356 On
1672 1315 1737 1357 the

298 1381 451 1437 ebbing
479 1381 565 1421 and
576 1383 764 1437 flowing
793 1383 959 1436 sufface
996 1383 1048 1436 of
1074 1383 1138 1424 the
1165 1397 1246 1424 sea.
1278 1383 1504 1423 BLOMF.
1563 1381 1651 1422 Alii
1685 1382 1736 1422 de

297 1446 452 1502 duplici
484 1462 556 1488 ora
594 1447 795 1488 maritima
833 1447 1132 1496 intellexerunt,
1167 1448 1272 1489 inter
1299 1463 1422 1504 quam
1457 1448 1580 1488 maris
1613 1448 1736 1489 undae

297 1513 508 1555 fluctuent.
558 1515 758 1555 Neutram
780 1515 1153 1570 interpretationem
1174 1515 1313 1556 ferunt
1331 1514 1456 1555 verba
1475 1524 1621 1570 poetae,
1642 1529 1736 1570 quae

298 1580 399 1622 nihil
429 1580 541 1621 aliud
572 1580 797 1637 significare
826 1597 943 1637 posse
964 1582 1155 1623 videntur
1174 1596 1299 1637 quam
1317 1581 1506 1637 disjectas
1535 1596 1608 1637 per
1627 1596 1737 1622 mare

297 1647 463 1688 navium
494 1648 644 1698 trabes,
677 1663 772 1704 quae
803 1650 988 1691 δίπλακες
1021 1648 1218 1690 dicuntur
1251 1657 1456 1704 quatenus
1489 1662 1540 1689 ex
1573 1647 1737 1689 duobus

298 1713 419 1770 lignis
439 1723 535 1755 sunt
554 1725 786 1770 compactae.

358 1782 453 1834 278.
475 1781 698 1835 ἀπώλλυτο]
719 1798 780 1834 γρ.
802 1782 979 1822 ἀπώλετο
1002 1782 1051 1821 Β.

356 1858 450 1900 279.
473 1847 651 1902 στρατὸς]
672 1848 772 1890 λεὼς
791 1847 874 1888 duo
893 1848 1016 1889 codd.

355 1913 539 1968 ναΐοισιν]
562 1913 733 1954 ναΐαισιν
755 1914 949 1955 Cantabr.
971 1914 1140 1970 primus.
1173 1913 1330 1969 ναΐῃσιν
1346 1915 1404 1954 Α.
1421 1923 1462 1955 et
1480 1931 1540 1967 γρ.
1563 1915 1612 1954 Β.

354 1981 562 2034 ἐμβολαῖς]
597 1980 765 2031 ἐμβολὴ,
796 1982 1003 2036 impactio,
1025 1980 1173 2021 scilicet
1202 1980 1336 2031 rostri,
1357 1980 1471 2035 quod
1499 1980 1592 2021 ideo
1618 1980 1730 2032 ἔμβο-

297 2052 372 2088 λον
401 2046 623 2087 dicebatur.
656 2047 762 2087 infra
786 2058 884 2101 415.
917 2046 1113 2103 Thucyd.
1135 2059 1174 2096 2,
1198 2047 1262 2099 84.
1297 2049 1393 2087 κατὰ
1424 2047 1517 2097 μίαν
1551 2050 1648 2088 ναῦν
1676 2063 1736 2088 τε-

296 2112 484 2165 ταγμένοι
515 2111 749 2164 περιέπλεον
783 2113 919 2156 αὐτοὺς
955 2114 1294 2168 κύκλῳ-δόκησιν
1328 2113 1568 2166 παρέχοντες
1601 2112 1736 2153 αὐτίκα

298 2181 501 2231 ἐμβαλεῖν.
552 2178 646 2219 Vid.
676 2178 784 2219 infra
805 2181 904 2233 336.
924 2180 1021 2233 562.
1052 2179 1202 2235 Eurip.
1232 2179 1438 2220 Androm.
1463 2191 1582 2233 1131.
1604 2179 1734 2231 Πρού-

298 2261 401 2285 τεινε
419 2244 550 2297 τεύχη,
573 2243 841 2296 κᾶφυλάσσετ’
863 2244 1047 2296 ἐμβολάς.
1093 2246 1220 2285 Herc.
1245 2245 1294 2284 F.
1318 2244 1411 2298 869.
1440 2246 1577 2296 ταῦρος
1606 2243 1668 2290 ὣς,
1697 2243 1736 2285 ἐς

298 2310 475 2362 ἐμβολὴν
497 2310 649 2352 Δεινός.
686 2309 779 2350 Vid.
800 2309 906 2351 infra
924 2313 1021 2365 396.
1054 2311 1284 2352 BLOMF.

356 2375 875 2431 280—283=286—289.

357 2444 451 2485 280.
475 2443 568 2485 281.
592 2457 675 2483 uno
694 2458 813 2484 versu
835 2443 936 2485 Ald.

355 2510 452 2551 280.
486 2509 571 2564 ἴυζ’]
606 2509 790 2564 Hesych.
825 2511 944 2559 Ἰύζει.
991 2510 1206 2563 κραυγάζει,
1243 2511 1340 2564 βοᾷ,
1375 2512 1510 2562 φωνεῖ.
1562 2509 1732 2549 Homer.

301 2576 420 2618 Iliad.
443 2580 484 2618 P.
505 2577 572 2618 66.
597 2577 696 2629 ἀμφὶ
720 2577 761 2618 δὲ
789 2577 859 2617 τόν
877 2593 925 2630 γε
951 2577 1062 2620 κύνες
1091 2577 1228 2629 ἄνδρες
1246 2592 1290 2617 τε
1314 2577 1453 2627 νομῆες
1479 2576 1623 2615 Πολλὰ
1641 2573 1733 2626 μάλ’

299 2643 467 2693 ἰύζουσιν
495 2643 731 2696 ἀπόπροθεν.
761 2642 834 2684 ubi
863 2643 986 2684 schol.
1006 2643 1150 2684 Venet.
1181 2643 1378 2698 ἆγροικικῇ
1408 2642 1520 2697 φωνῇ
1547 2646 1732 2694 προσφω-

298 2713 447 2757 νοῦσιν,
487 2711 591 2762 παρὰ
638 2709 683 2750 τὸ
733 2711 792 2751 ἷοΰ
832 2711 1033 2763 ἐπίρρημα,
1073 2725 1168 2765 quae
1209 2708 1421 2764 exscripsit
1459 2707 1736 2764 Etymologus

296 2792 336 2832 p.
359 2779 456 2829 480,
477 2790 516 2829 4.
568 2776 687 2818 Infra
709 2790 830 2832 1043.
847 2777 951 2828 Ἴυζε
969 2778 1101 2829 μέλος.
1144 2777 1291 2833 Suppl.
1313 2778 1408 2831 871.
1432 2778 1523 2825 Ἰοῦ,
1545 2778 1617 2825 ἰοῦ,
1632 2775 1736 2825 Ἴυζε

300 2844 360 2884 καὶ
380 2845 473 2894 βόα.
506 2843 615 2885 Ibid.
638 2844 735 2898 825.
751 2842 853 2892 Ἵυζε
874 2845 935 2885 καὶ
964 2843 1122 2894 λάκαζε,
1143 2844 1206 2885 καὶ
1225 2843 1336 2885 κάλει
1362 2844 1484 2887 θεούς.
1514 2843 1614 2884 ibid.
1636 2843 1733 2896 805.

300 2909 489 2965 Sophocl.
512 2909 706 2952 Trachin.
731 2910 825 2965 789.
847 2914 967 2957 Βοῶν,
991 2911 1113 2959 ἰύζων.
1154 2910 1267 2951 Hinc
1288 2909 1427 2961 ἰυκτής.
1461 2908 1670 2951 Theocrit.
1692 2909 1732 2950 8.
