1898 3256
591 228 682 268 AD
713 225 1192 268 PROMETHEUM.
1569 222 1627 265 61

160 339 297 396 stoph.
316 340 399 380 Av.
429 348 478 392 17
492 347 551 391 ¹7·
570 347 610 379 et
630 337 672 378 in
691 334 916 392 Hermippi
939 334 1098 376 Comici
1113 334 1263 391 fragm.
1281 349 1347 391 ap.
1367 333 1486 375 Suid.
1505 349 1543 375 v.
1560 336 1628 376 ἆν-

159 407 275 448 θέων.
292 406 469 450 Aen-vobs
488 405 758 459 διαψαίρουσα
777 403 954 446 πέπλους
974 401 1128 444 ἀνθέων
1148 402 1364 454 Γέμοντας.
1393 402 1625 443 BLOMF.

215 488 314 530 395.
338 472 617 528 τετρασκελὴς]
639 473 660 513 ὁ
681 470 947 524 τετρασκελὴς
966 469 1053 511 duo
1071 469 1196 511 codd.

215 553 457 598 397—424.
490 541 644 582 Versus
670 539 711 580 in
743 538 839 580 edd.
861 547 961 580 vett.
983 537 1039 579 sic
1059 536 1196 588 divisi,
1218 536 1406 579 στένω-,
1431 535 1438 592 Ι
1465 540 1624 589 δακρυσ.

159 633 215 641 -
241 608 247 666 Ι
273 611 443 662 ῥαδινῶν
460 631 519 638 -
543 606 551 663 Ι
577 607 722 650 νοτίοις
743 630 800 636 -
825 604 831 661 Ι
857 604 950 646 τάδε
971 630 1027 636 -
1053 603 1059 661 Ι
1084 603 1341 657 ὑπερήφανον
1360 629 1418 636 —
1444 604 1451 660 Ι
1477 606 1627 658 αἰχμὰν

157 701 216 707 ——
241 676 247 733 Ι
273 675 479 717 λέλακε-
505 673 512 731 Ι
537 675 829 728 χαιοπρεπῆ-
852 670 860 729 Ι
885 670 1144 724 μαιμόνων-
1169 670 1178 729 Ι
1204 674 1392 725 ἆγνᾶς-
1417 671 1425 728 Ι
1449 676 1626 725 μεγαλο-

159 743 340 785 στόνοισι
359 766 416 774 -—
440 741 449 799 Ι
476 741 746 795 συγκάμνουσι
766 765 822 773 —
847 741 856 797 Ι
882 741 1080 794 Κολχίδος
1098 764 1156 771 -
1181 738 1187 796 Ι
1212 739 1416 794 μάχας-
1441 738 1449 796 Ι
1474 739 1512 780 οἳ
1553 742 1627 792 γᾶς

157 835 216 842 -—-
241 812 248 867 Ι
275 810 484 864 ἔχουσι-
509 807 515 865 Ι
540 809 858 861 ὑψίκρημνον-
883 807 890 864 Ι
916 807 1112 850 πέλας-
1137 806 1144 863 Ι
1171 807 1431 859 ὀξυπρῶροισι
1464 805 1627 859 βρέμων

160 880 205 920 ἐν
226 879 399 932 αἰχμαῖς.

216 957 316 1001 397.
340 943 734 986 VersusIonicusv
760 943 767 1000 Ι
792 934 965 986 Lu-—
990 943 996 1000 Ι
1023 941 1195 987 υυ-ὐ
1222 942 1228 999 Ι
1255 942 1436 983 l-u——.

214 1014 312 1069 398.
337 1013 674 1065 δακρυσίστακτον
695 1011 726 1053 δ’
749 1011 814 1054 ἀπ’
837 1012 991 1068 ὄσσων]
1017 1012 1134 1054 Huic
1155 1012 1300 1053 formae

502 1108 529 1132 ο
551 1111 578 1132 υ
597 1084 626 1120 -Ι
646 1115 674 1121 --
700 1089 707 1147 Ι
732 1098 762 1125 -’
781 1115 808 1132 υ
828 1117 856 1122 -
875 1117 917 1139 -,

158 1159 199 1201 in
232 1175 316 1216 qua
346 1159 517 1216 dipodia
550 1158 758 1200 trochaica
796 1174 874 1215 pro
911 1159 1056 1201 Ionico
1091 1159 1227 1216 posita
1260 1166 1337 1207 est,
1368 1155 1552 1212 legitima
1584 1156 1624 1196 in

158 1227 419 1284 antistropho
436 1227 571 1268 forma
591 1226 812 1282 respondet

501 1325 529 1345 υ
549 1330 577 1346 υ
594 1301 623 1338 -’-
641 1331 671 1336 -
696 1303 702 1361 Ι
746 1325 774 1346 υ
794 1328 823 1347 υ
841 1329 869 1334 -
894 1331 936 1346 -.

162 1372 357 1415 Similiter
377 1373 681 1430 Aristophanes
701 1375 811 1415 Ran.
831 1386 928 1430 329.
951 1386 1047 1429 330.

329 1448 419 1501 περὶ
438 1448 548 1501 κρατὶ
567 1449 625 1504 σῷ
644 1449 822 1501 βρύοντα

331 1512 535 1566 στέφανον
553 1514 719 1566 μύρτων·
752 1517 896 1567 θρασεῖ
913 1512 944 1554 δ’
969 1514 1337 1567 ἐγκατακρούων-.

330 1671 588 1713 ἀποσείονται
609 1673 651 1713 δὲ
671 1673 798 1715 λύπας

329 1740 513 1792 χρονίους
533 1739 565 1780 τ’
589 1741 687 1781 ε’τῶν
706 1744 887 1782 παλαιῶν
909 1741 1121 1782 ἐνιαυτούς.

216 1822 400 1878 ραδινῶν]
421 1823 584 1875 ῥαδινὸν
604 1822 707 1864 Ald.
733 1824 845 1864 Rob.
867 1834 908 1865 et
929 1823 1051 1865 codd.
1077 1821 1279 1872 nonnulli,
1302 1837 1383 1863 non
1407 1823 1471 1862 M.

217 1890 437 1942 λειβομένα
457 1891 576 1931 metri
596 1890 749 1932 indicio
769 1900 878 1932 recte
897 1891 1050 1932 delevit
1072 1890 1295 1931 Heathius.

216 1972 316 2010 401.
338 1958 496 2013 νοτίοις]
519 1960 666 2002 νοτίαις
687 1960 825 2000 Turn.

219 2026 374 2082 ἔτεγξα]
408 2027 680 2068 Scribendum
705 2027 840 2080 ἔτεγξε
859 2041 953 2068 cum
978 2026 1177 2075 Heathio‚
1199 2026 1321 2082 cujus
1348 2025 1626 2081 conjecturam

159 2093 418 2137 confirmavit
450 2096 508 2136 A.
567 2094 752 2136 Primam
788 2110 1021 2152 personam,
1054 2094 1218 2151 adjecto
1258 2092 1461 2150 superiori
1491 2094 1630 2134 versui

159 2162 392 2215 λειβομένα,
417 2167 538 2204 vetus
567 2162 761 2204 librarius
792 2162 958 2203 videtur
987 2162 1188 2219 posuisse,
1209 2177 1335 2218 quem
1357 2171 1518 2203 mutata
1541 2177 1631 2203 ora-

161 2229 282 2272 tionis
301 2230 435 2271 forma
456 2230 709 2272 offendisset.

218 2298 380 2353 παγαῖς]
401 2302 545 2351 πηγαῖς
568 2299 633 2339 Μ.
657 2298 822 2354 aliique.

221 2366 333 2421 Ζεὺς]
368 2365 467 2409 Ζεὺς
499 2365 530 2407 δ’
563 2366 675 2407 Rob.
707 2365 1042 2423 interpunctione
1073 2376 1168 2422 post
1201 2365 1294 2407 τάδε
1329 2365 1487 2421 posita:
1522 2375 1630 2407 recte

161 2434 349 2475 fortasse.
411 2432 608 2474 Similiter
629 2433 807 2474 Vindob.
831 2433 1040 2475 secundus
1059 2433 1263 2487 ἀμέγαρτα
1282 2435 1359 2487 γὰρ
1380 2434 1484 2475 τάδε.
1533 2434 1630 2477 Ζεὺς

162 2503 238 2554 γὰρ
258 2502 368 2545 ἰδίοις
388 2518 423 2542 ν.
446 2518 503 2553 κρ.

217 2581 315 2624 403.
339 2568 553 2623 κρατύνων]
575 2569 756 2621 κρατύνει
776 2568 957 2610 Vindob.
978 2569 1138 2624 primus
1158 2578 1199 2610 et
1220 2568 1380 2610 tertius.

219 2649 317 2687 404.
340 2638 469 2676 θεοῖσι
488 2640 594 2677 τοῖσι
613 2635 738 2688 πάρος
757 2637 956 2677 δείκνυσιν
978 2636 1151 2676 Porsoni
1172 2635 1299 2677 editio
1319 2651 1370 2676 ex
1390 2636 1628 2692 conjectura

164 2702 351 2744 Heathii.
413 2703 687 2744 Scribendum
711 2718 795 2744 uno
818 2718 936 2744 versu
969 2704 1078 2746 ἰδίοις
1107 2704 1241 2755 νόμοις
1272 2703 1471 2755 κρατύνων
1490 2705 1630 2757 ὑπερή-

163 2775 295 2823 φανον
316 2772 420 2812 θεοῖς
445 2774 527 2812 τοῖς
555 2769 679 2822 πάρος
710 2772 955 2811 ἐνδείκνυσιν
975 2769 1139 2823 αἰχμάν,
1162 2779 1203 2810 et
1224 2769 1280 2810 sic
1303 2770 1429 2810 L.M.
1451 2771 1528 2811 Ar.
1552 2771 1628 2811 nisi

163 2837 280 2892 quod
310 2836 352 2877 in
385 2837 450 2877 M.
472 2836 628 2877 librarii
648 2852 784 2878 errore
813 2838 1051 2878 ἐνδεικνύειν
1071 2837 1270 2894 scriptum
1292 2848 1368 2879 est.
1429 2838 1629 2894 Reliquo-

164 2919 257 2945 rum
289 2904 488 2945 librorum
519 2903 586 2944 alii
618 2908 722 2947 θεοῖς
752 2909 833 2947 τοῖς
862 2905 984 2957 πάρος
1004 2906 1216 2955 δείκνυσιν,
1237 2905 1351 2961 quod
1372 2916 1433 2947 est
1454 2905 1494 2947 in
1518 2907 1567 2947 B.
1589 2918 1630 2948 et

169 2971 298 3023 Rob.,
330 2970 397 3013 alii
433 2974 537 3015 θεοῖς
568 2975 647 3014 τοῖς
683 2971 804 3024 πάρος
839 2973 1018 3023 δεικνύει,
1058 2972 1121 3013 vel
1157 2976 1262 3016 θεοῖς
1295 2978 1376 3017 τοῖς
1407 2973 1530 3026 πάρος
1565 2977 1627 3016 ἐν-
1691 2995 1694 2998 ·
