1898 3256
360 238 450 278 An
483 223 739 278 SEPTEM
772 232 1102 275 ADVERSUS
1136 231 1404 273 THEBAS.
1535 231 1615 272 141

146 347 224 404 piti
244 346 509 389 terminatum
539 362 565 388 a
594 354 718 404 poeta
737 360 836 396 esse,
858 359 993 402 quum
1016 344 1228 401 >producta
1257 343 1320 384 uti
1347 343 1389 384 in
1417 353 1617 400 promptu

147 425 265 457 esset.

210 496 302 536 109.
322 483 605 538 πολισσοῦχοι]
628 481 802 523 Codices
822 480 909 523 duo
928 482 1178 534 πολισοῦχοι,
1202 494 1312 520 unus
1339 481 1617 533 πολινσοῦχοι.

147 555 357 605 πολιοῦχοι
379 550 512 592 Viteb.
531 550 742 607 adscripto
761 554 1043 604 πολισσοῦχοι.
1072 553 1287 603 πολιαῢχοι
1308 550 1358 591 C.
1385 547 1502 605 quod
1530 563 1619 590 cor-

147 628 320 675 ruptum
349 628 411 660 est
441 634 492 660 ex
519 618 750 673 πολιάοχοι,
782 619 895 675 quod
929 618 1035 660 alius
1068 617 1199 660 codex
1231 617 1446 659 Parisinus
1476 628 1517 658 et
1551 617 1617 658 M.

149 696 381 728 servarunt.
444 685 558 727 Hinc
578 685 840 728 scribendum

322 754 405 795 θεοὶ
424 755 611 808 πολίοχοι
631 754 778 808 χθονὸς
797 778 827 784 -
846 775 874 795 υ
893 778 923 784 —-

151 823 252 863 Post
281 821 427 876 χθονὸς
455 821 698 863 exciderunt
724 821 898 878 syllabae
927 830 1009 863 tres
1043 838 1067 862 a
1100 831 1351 863 consonante
1374 821 1618 878 incipientes

151 890 343 943 (fortasse
365 890 614 944 πρευμενεῖς)
637 889 699 931 vel
731 899 932 946 quattuor
953 911 981 931 υ
1002 912 1030 930 υ
1050 910 1078 932 υ
1096 915 1140 940 -,
1172 890 1205 930 si
1234 905 1258 930 a
1291 889 1420 931 vocali
1450 888 1616 946 incepe-

148 967 262 1000 runt.
323 958 391 998 De
424 957 559 999 forma
591 957 781 1014 adjectivi
815 959 1008 1012 πολίοχος
1049 957 1171 999 etiam
1213 957 1310 999 alibi
1350 957 1405 999 ab
1441 957 1618 999 librariis

148 1027 369 1068 obscurata
387 1025 474 1067 dixi
494 1026 549 1067 ad
569 1025 721 1082 Eurip.
743 1025 874 1067 Rhes.
898 1026 998 1068 821.
1019 1035 1061 1067 et
1079 1025 1132 1067 ad
1154 1025 1373 1082 Aristoph.
1397 1026 1501 1082 Lys.
1517 1037 1617 1082 345.

151 1096 248 1136 Non
279 1093 524 1150 repugnabo
556 1102 692 1134 tamen
727 1092 762 1134 si
790 1093 886 1149 quis
915 1094 999 1135 θεοὶ
1030 1093 1245 1148 πολιάοχοι
1280 1094 1496 1150 praeferat:
1531 1109 1618 1150 quo

151 1173 272 1219 pacto
293 1162 376 1204 θεοὶ
396 1161 726 1217 monosyllabum
750 1161 840 1203 erit.

212 1249 305 1277 110.
331 1234 379 1277 ἴτ’
410 1236 469 1276 ἵτε
498 1234 607 1275 Rob.
634 1244 675 1275 et
702 1233 862 1275 codices
891 1233 1094 1291 plerique,
1126 1234 1250 1290 pauci
1276 1250 1371 1276 cum
1399 1235 1544 1292 Steph.
1566 1235 1615 1277 ἴθ’

150 1306 221 1351 ἴτε,
243 1302 296 1344 de
316 1318 401 1358 quo
422 1302 571 1343 mirum
594 1312 872 1343 commentum
906 1301 1134 1343 scholiastae
1163 1302 1402 1344 recentioris
1431 1313 1494 1344 est
1513 1303 1616 1345 τινὲς

148 1369 196 1413 ἴτ’
217 1373 276 1412 ἴτε
305 1372 419 1424 φασὶ,
442 1373 506 1412 διὰ
526 1372 570 1412 δὲ
589 1371 634 1411 τὸ
656 1371 889 1423 κακόφωνον
910 1370 1012 1411 εἶναι
1041 1370 1086 1411 τὸ
1116 1387 1150 1418 τ,
1174 1371 1219 1412 τὸ
1247 1374 1270 1412 θ
1298 1372 1533 1424 προελήφθη
1562 1372 1615 1427 τῷ

149 1441 301 1496 ποιητῇ.
361 1438 523 1480 Eodem
555 1438 663 1479 redit
688 1437 846 1479 Aldina
875 1438 1080 1495 scriptura
1108 1441 1222 1480 ἵθιτε.
1255 1441 1359 1481 ἴδετε
1388 1439 1613 1496 interpola-

150 1516 239 1548 tum
260 1522 286 1548 a
306 1507 520 1548 Turnebo.
567 1507 665 1548 Non
685 1506 1069 1548 animadverterunt
1089 1518 1228 1548 autem
1249 1508 1378 1549 critici
1398 1508 1450 1549 ad
1473 1523 1616 1549 versus

149 1574 426 1631 integritatem
458 1574 658 1631 syllabam
681 1589 805 1616 unam
827 1574 1063 1626 desiderari,
1085 1591 1170 1631 qua
1197 1575 1387 1618 restituta
1407 1586 1539 1618 metra
1559 1576 1615 1617 sic

150 1648 247 1682 sunt
268 1640 550 1691 describenda,

377 1708 424 1750 ἴτ’
446 1710 505 1750 ἴτε
524 1708 668 1751 πάντες
687 1708 765 1758 ὧδ’,
788 1710 891 1750 ἴδετε
911 1709 1119 1762 παρθένων

381 1776 529 1818 ἱκέσιον
548 1777 676 1829 λόχον
697 1777 942 1820 δουλοσύνας
960 1778 1070 1830 ὕπερ.

214 1857 307 1900 113.
327 1845 572 1886 δουλοσύνας
593 1845 772 1885 A.C.M.
794 1844 947 1900 aliique
967 1844 1169 1886 nonnulli.
1206 1845 1342 1901 Vulgo
1357 1847 1613 1897 δουλοσύνης.

213 1926 308 1965 114.
344 1914 421 1965 γὰρ
455 1920 564 1952 recte
599 1910 710 1952 delet
746 1910 1000 1954 Ritschelius
1031 1911 1145 1968 apud
1180 1913 1412 1968 Engerum.
1462 1913 1616 1953 Versus

151 1989 290 2021 autem
313 1978 369 2020 sic
390 1988 488 2019 sunt
508 1977 766 2019 describendi

382 2050 481 2098 κῦμα
499 2046 590 2098 περὶ
607 2047 749 2088 πτόλιν
769 2049 1030 2100 δοχμολοφᾶν
1050 2048 1202 2099 ἀνδρῶν

382 2114 568 2168 καχλάζει
587 2118 726 2157 πνοαῖς
740 2113 886 2167 'Apsos
906 2115 1111 2166 ὀρόμενον.

208 2182 365 2237 πτόλιν]
383 2183 504 2223 πόλιν
523 2181 682 2238 aliquot
703 2182 825 2223 codd.
848 2191 890 2223 et
910 2181 1014 2223 Ald.

215 2263 306 2304 115.
338 2249 618 2305 δοχμολόφων]
651 2250 837 2306 Hesych.
874 2251 1151 2304 Δοχμόλοφοι.
1200 2253 1237 2292 οἱ
1269 2253 1312 2292 ἐκ
1344 2254 1412 2292 τοῦ
1444 2253 1617 2304 πλαγίου

152 2317 240 2360 τοὺς
258 2319 408 2370 λόφους
432 2316 608 2370 ἔχοντες.
654 2317 790 2359 Schol.
813 2319 868 2358 A.
893 2320 1158 2372 δοχμολόφων
1177 2319 1234 2368 δὲ,
1256 2323 1334 2360 τῶν
1355 2321 1616 2361 ἐπινευόντων

152 2385 242 2427 τοὺς
268 2385 433 2437 λόφους,
463 2384 548 2436 ἤτοι
579 2387 628 2426 τὰ
658 2385 778 2438 κράνη
809 2385 918 2426 αὐτά·
953 2387 997 2426 ἐν
1028 2387 1106 2438 γὰρ
1141 2388 1188 2442 τῇ
1221 2386 1372 2437 κινήσει
1406 2388 1618 2438 συμβαίνει

153 2450 440 2504 πλαγιόζεσθαι
468 2453 557 2495 τοὺς
584 2454 748 2506 λόφους”
781 2451 806 2503 ἢ
836 2453 1116 2506 δοχμολόφων,
1139 2457 1215 2494 τῶν
1245 2455 1522 2506 κορυθαιόλων·
1556 2455 1618 2495 καὶ

148 2516 326 2571 Ὅμηρος
346 2519 423 2572 ἔφη
446 2518 515 2573 (ΙΙ.
531 2524 578 2570 Β,
595 2520 710 2574 816.)
735 2521 988 2572 κορυθαίολος
1001 2519 1169 2572 Ἕκτωρ.
1193 2521 1426 2561 BLOMF.
1459 2520 1618 2577 Aptius

154 2585 304 2626 horum
338 2601 531 2628 versuum
566 2587 740 2629 dialecto
774 2598 835 2628 est
874 2590 1147 2642 δοχμολοφᾶν,
1184 2588 1297 2644 quod
1331 2598 1440 2629 recte
1480 2589 1618 2644 posuit

156 2651 407 2695 Brunckius.

211 2720 419 2775 καχλάζει]
449 2721 663 2775 καγχλάζει
693 2721 795 2762 Ald.
819 2722 931 2763 Rob.
995 2721 1061 2763 Sic
1094 2722 1303 2777 καγχάζειν
1333 2738 1410 2779 pro
1432 2724 1616 2778 καχάζειν

153 2787 328 2829 scribere
348 2787 479 2830 solent
500 2787 669 2830 librarii.

210 2854 368 2910 πνοαῖς]
390 2859 576 2897 πνοαῖσιν
597 2855 708 2896 Rob.

216 2935 233 2961 1
246 2925 311 2963 16.
335 2921 497 2978 Ἀρεος]
523 2925 646 2976 ἄρεως
666 2923 802 2964 Viteb.

212 2990 424 3046 ὀρόμενον]
447 2992 663 3043 ὀρρόμενον
681 2990 842 3033 codices
863 2991 1004 3048 plures
1025 3003 1064 3033 et
1087 2992 1189 3033 Ald.
1214 2994 1322 3036 Rob.
