1898 3256
338 215 422 256 240
811 218 1304 262 ANNOTATIONES

338 336 473 368 tamen
494 328 749 370 verisimilius
767 340 839 380 est,
860 330 1079 373 articulum
1095 332 1183 375 τοὺς
1202 339 1296 372 ante
1312 332 1564 385 Μιτραγαθῆς
1578 333 1632 374 ab
1645 326 1776 375 aliena

338 408 462 436 manu
484 394 694 445 insertum,
716 395 959 453 AEschylum
980 406 1118 438 autem
1137 397 1195 438 ita
1214 397 1441 454 scripsisse:

734 493 774 533 οἵ
790 492 821 534 τ’
844 493 987 534 ἐπίπαν
1005 493 1254 546 ἠπειρογενὲς

622 558 853 612 κατέχουσιν
875 560 997 607 ἔθνος,
1021 561 1275 613 Μιτραγαθὴς

619 625 780 678 Ἀρκεύς
798 626 828 666 τ’
848 626 1007 680 ἀγαθὸς,
1029 629 1202 682 βασιλῇς
1221 628 1357 668 δίοποι·

338 725 428 764 colo
446 734 538 780 post
559 726 684 765 δίοποι
702 725 849 780 posito,
870 724 927 765 ita
948 734 994 766 ut
1016 740 1068 766 ex
1087 725 1420 766 antecedentibus
1448 725 1775 782 subintelligatur

340 791 511 832 ἕπονται,
573 792 746 832 Sensus:
779 793 981 848 Sequitur
1001 805 1094 833 vero
1114 794 1237 833 etiam
1261 794 1394 834 mollis
1413 794 1625 849 Lydorum
1641 809 1773 849 popu-

339 858 423 906 lus,
462 863 500 898 et
533 859 605 914 qui
638 872 775 899 omnes
803 865 952 914 gentes
990 859 1037 899 in
1070 859 1145 899 illa
1182 862 1410 901 continente
1446 867 1570 902 natas
1603 862 1775 916 imperio

338 931 507 980 regunt,
538 925 837 981 Mitragathes,
858 931 896 966 et
905 926 1046 980 fortis
1071 926 1242 976 Arcem,
1270 929 1457 982 prasteti
1486 929 1610 984 regii.
1643 928 1773 968 SCH.

339 991 470 1032 Recte
520 991 762 1032 Schuetzius
800 993 841 1032 οἵ
874 990 905 1031 τ’
945 991 1106 1032 divisim
1146 993 1305 1049 scripsit
1342 994 1644 1049 articulumque
1688 994 1775 1038 τοὺς

338 1056 499 1098 delevit.

395 1123 677 1180 Μητραγαθὴς]
698 1125 954 1177 Μητρογαθὴς
969 1126 1035 1165 Μ.
1053 1135 1092 1166 et
1109 1127 1228 1167 Cant.
1249 1126 1416 1182 primus,
1448 1127 1696 1180 Μιτρογαθὴς
1714 1129 1772 1168 A.

336 1205 378 1237 et
397 1206 478 1237 tres
496 1196 576 1238 alii.
611 1188 876 1250 Μῆτρᾶγαθὴς
905 1198 958 1238 Β.
1007 1199 1257 1251 Μιθρογαθὴς
1286 1199 1344 1239 D.
1376 1198 1485 1240 unde
1506 1198 1774 1240 Blomfieldus

339 1263 606 1316 Μιθραγαθῆς,
629 1263 791 1304 nomine
810 1279 834 1304 a
855 1265 1008 1317 Μίθρας
1028 1264 1262 1305 derivando.

393 1343 462 1382 44.
482 1330 662 1383 Ἀρκτεὺς
681 1332 746 1370 Μ.
767 1331 930 1387 aliique,
953 1341 998 1372 ut
1018 1346 1158 1372 omnes
1176 1331 1283 1372 infra
1301 1347 1341 1373 v.
1361 1343 1458 1386 312.
1508 1331 1594 1372 Alii
1613 1331 1773 1385 Ἀρκεὺς

339 1406 385 1439 ut
406 1397 544 1453 vulgo.
593 1397 777 1450 Ἀρητεὺς
796 1398 908 1439 Rob.
928 1398 1040 1453 quod
1061 1413 1111 1439 ex
1131 1398 1312 1451 Ἀρκτεὺς
1331 1409 1583 1455 corruptum.

391 1463 584 1519 βασιλῆς]
607 1463 725 1505 Libri
744 1464 893 1520 partim
915 1464 970 1506 sic
989 1465 1136 1521 partim
1159 1470 1355 1517 βασιλεῖς.

394 1532 537 1585 δίοποι]
573 1531 755 1585 Hesych.
788 1533 941 1573 Δίοποι.
979 1533 1215 1584 ἐπιμεληταί.
1246 1532 1434 1574 Erotian.
1463 1547 1505 1588 p.
1528 1544 1592 1573 21.
1625 1534 1772 1587 Διόπῳ.

336 1601 388 1654 τῷ
418 1601 483 1649 τῆς
513 1598 603 1649 νηὸς
633 1599 854 1650 ἐπιμελητῇ.
884 1601 990 1651 παρὰ
1013 1599 1055 1639 τὸ
1077 1599 1301 1640 διοπτεύειν.
1335 1598 1470 1653 (Male
1491 1599 1682 1640 διοπεύειν
1700 1600 1770 1640 Jo.

338 1664 550 1706 Meursius
570 1665 686 1706 Lect.
709 1666 804 1706 Att.
825 1677 869 1720 3,
894 1666 982 1717 12.)
1003 1664 1158 1716 Ἀττικὴ
1178 1667 1220 1706 δὲ
1239 1666 1262 1717 ἡ
1280 1665 1397 1716 λέξις,
1420 1664 1573 1717 κειμένη
1602 1666 1664 1706 καὶ
1682 1665 1770 1718 παρ’

336 1732 616 1786 Ἀριστοφάνει
646 1733 690 1773 ἐν
713 1731 906 1775 Ἀττικαῖς
934 1731 1084 1782 λέξεσι,
1106 1732 1167 1772 καὶ
1197 1731 1286 1785 παρ’
1308 1733 1494 1786 Αἰσχύλῳ
1527 1733 1571 1773 ἐν
1597 1733 1770 1788 Σισύφῳ,

339 1801 400 1841 καὶ
421 1799 606 1852 Εὐριπίδῃ
637 1799 680 1839 ἐν
707 1797 940 1853 Ἱππολύτῳ.
986 1800 1234 1855 Harpocrat.
1255 1800 1402 1843 Δίοπος
1430 1799 1590 1852 λέγεται
1619 1800 1726 1846 νεὼς,
1750 1801 1770 1840 ὃ

336 1865 479 1908 διέπων
505 1866 568 1906 καὶ
593 1866 815 1906 ἐποπτεύων
839 1867 888 1906 τὰ
916 1867 1011 1906 κατὰ
1040 1865 1110 1916 τὴν
1140 1869 1248 1915 ναῦν,
1278 1867 1299 1906 ὁ
1325 1865 1414 1919 παρ’
1434 1867 1533 1918 ἡμᾶς
1560 1868 1773 1918 λεγόμενος

338 1936 536 1976 ἐπίπλους.
575 1932 757 1988 Hesych.
777 1931 976 1974 Ἀδίοπον.
998 1933 1185 1986 ἄναρχον,
1206 1933 1268 1973 καὶ
1288 1934 1527 1986 ἀφύλακτον.
1572 1933 1772 1986 Αἰσχύλος

338 2000 498 2054 Φρυξίν.
530 2001 656 2041 δίοποι
675 2002 750 2053 γὰρ
771 2002 892 2051 οῖ’τῆς
914 2001 1008 2043 νεὼς
1027 2001 1214 2052 φύλακες.
1246 2000 1474 2041 BLOMF.

393 2077 464 2122 45.
489 2066 571 2121 καὶ]
593 2068 662 2120 χαί
683 2066 963 2117 Blomfieldus,
984 2075 1092 2107 recte
1111 2066 1292 2107 fortasse.
1325 2068 1386 2108 καὶ
1406 2069 1446 2108 αἱ
1464 2067 1651 2108 πλουσίαι
1670 2066 1769 2118 Σάρ-

335 2139 413 2178 δεις
431 2134 473 2174 in
493 2133 822 2188 interpretatione
842 2148 915 2174 sua
933 2133 1071 2188 posuit
1091 2133 1313 2174 scholiasta.

391 2201 631 2253 πολύχρυσοι
661 2199 835 2253 Σάρδεις]
871 2200 966 2239 Hoc
996 2199 1204 2255 epitheton
1229 2200 1317 2256 jam
1346 2199 1441 2240 inde
1471 2214 1496 2239 a
1518 2199 1652 2254 Gygis
1679 2215 1769 2240 aevo

335 2267 532 2309 Sardibus
569 2276 610 2307 et
649 2266 864 2322 Lydorum
904 2266 1070 2321 regibus
1102 2276 1343 2307 accreverat.
1397 2265 1671 2307 Archilochus
1701 2281 1766 2322 ap.

335 2334 547 2376 Plutarch.
569 2333 622 2375 de
642 2333 786 2374 Animi
808 2335 967 2389 Tranq.
997 2348 1037 2389 p.
1061 2334 1155 2388 835.
1176 2335 1236 2375 Οὔ
1254 2350 1320 2385 μοι
1340 2336 1387 2374 τὰ
1406 2335 1537 2386 Γύγεω
1557 2337 1626 2373 τοῦ
1648 2338 1768 2374 πολυ-

333 2404 481 2456 χρύσου
500 2399 625 2452 με’λει.
656 2400 847 2456 Alpheus
866 2399 907 2440 in
930 2399 1103 2441 Anthol.
1131 2413 1166 2449 1,
1187 2412 1251 2442 12.
1274 2402 1401 2452 ὄλβον
1419 2401 1682 2453 πολύχρυσον,
1705 2401 1768 2440 οἶα

333 2470 477 2522 Γύγεω.
509 2467 703 2508 Nicolaus
732 2482 797 2522 ap.
823 2467 935 2507 Stob.
963 2481 1026 2518 14.
1047 2482 1087 2522 p.
1112 2468 1178 2520 87.
1210 2468 1230 2507 ὁ
1252 2469 1387 2507 Λυδῶν
1411 2470 1488 2507 τῶν
1507 2466 1767 2518 πολυχρύσων

333 2537 444 2586 ἄναξ.
489 2534 640 2589 Eurip.
664 2534 758 2589 Iph.
779 2534 880 2574 Aul.
904 2535 999 2586 786.
1033 2535 1072 2574 αἱ
1101 2534 1341 2586 πολύχρυσοι
1371 2533 1491 2574 Λυδαὶ
1522 2533 1583 2573 καὶ
1603 2535 1768 2584 Φρυγῶν

333 2604 485 2656 ἄλοχοι.
518 2601 737 2656 Inscriptio
757 2617 823 2657 ap.
841 2602 1015 2641 Pausan.
1043 2614 1057 2640 1
1070 2631 1080 2649 ‚
1103 2614 1167 2656 13,
1194 2612 1255 2640 12.
1278 2601 1370 2640 Αἵδε
1390 2599 1472 2640 ποτ’
1490 2599 1630 2639 Ἀσίδα
1649 2602 1767 2650 γαῖαν

333 2672 556 2723 ἐπόρθησαν
585 2669 845 2722 πολύχρυσον.
893 2667 959 2708 Sic
992 2667 1097 2708 infra
1126 2678 1193 2722 53.
1227 2667 1421 2717 Βαβυλὼν
1450 2667 1473 2716 ἡ
1507 2667 1764 2718 πολύχρυσος.

334 2737 513 2792 Mycene
542 2735 660 2776 etiam
692 2734 804 2791 apud
833 2735 1063 2774 Homerum
1094 2732 1211 2774 audit
1238 2734 1496 2785 πολύχρυσος,
1517 2732 1569 2773 ab
1591 2731 1766 2772 Horatio

333 2813 473 2845 vocata
493 2805 596 2844 dites
617 2803 818 2858 Myceme,
840 2802 975 2842 Carm.
1005 2814 1041 2850 1,
1065 2811 1103 2854 7,
1125 2813 1164 2853 9.
1197 2799 1422 2840 BLOMF.

387 2872 458 2922 46.
487 2873 652 2912 πολλοῖς
671 2867 854 2922 ἅρμασιν]
876 2866 1019 2920 ἅρμασι
1048 2871 1211 2910 πολλοῖς
1238 2864 1471 2907 Brunckius
1490 2863 1668 2905 numeris
1687 2863 1763 2904 ele·
1804 2883 1810 2886 ·

329 2935 595 2993 gantioribus.
