1898 3178
594 336 1206 405 PRAEFATIO.

175 621 296 694 DE
328 643 566 689 codicibus
590 640 796 702 AEschyli
821 640 1000 686 ita‘hoc
1023 639 1127 685 loco
1151 640 1306 685 dicere
1330 639 1443 684 mihi
1471 654 1637 699 propo-

171 723 315 768 situm
361 726 433 766 est
479 725 534 765 ut
574 733 654 764 eos
699 724 887 763 tantum
932 717 1165 779 attingam
1206 733 1405 777 quorum
1446 717 1504 762 ad
1547 717 1636 762 hoc

171 813 320 858 usque
343 803 530 857 tempus
553 795 687 856 copia
710 794 969 840 editoribus
993 794 1096 839 fuit.
1169 794 1255 840 Est
1278 794 1423 855 igitur

242 892 278 920 1.
317 874 390 920 M.
427 874 716 933 (Mediceus)
759 871 1059 917 Florentinus
1095 871 1392 917 bibliothecae
1430 871 1638 916 Lauren-

172 953 310 997 tianae
344 951 494 1011 plutei
529 967 598 1011 32,
624 968 665 1009 9.
699 949 1085 994 membranaceus
1119 948 1270 993 forma
1292 949 1531 1008 quadrata,
1568 963 1639 993 se-

172 1028 279 1074 culo
313 1028 513 1088 scriptus
548 1027 731 1071 decimo
766 1025 842 1070 vel
876 1026 1138 1078 undecimo,
1175 1031 1358 1085 septem
1387 1025 1638 1085 tragoedias

174 1104 430 1165 Sophoclis,
455 1104 656 1148 totidem
690 1101 914 1162 AEschyli,
946 1100 1284 1162 Apolloniique
1313 1100 1640 1162 Argonautica

173 1181 506 1242 complectens.
560 1178 768 1239 AEschyli
802 1178 1067 1224 fabularum
1100 1177 1199 1236 (fol.
1229 1177 1500 1239 119—189.)
1525 1178 1639 1222 ordo

173 1258 250 1303 hic
287 1264 359 1303 est
390 1263 445 1303 ut
478 1256 643 1302 Persas
674 1256 914 1316 excipiant
945 1255 1290 1317 Agamemnon,
1328 1255 1638 1315 Choephoroe,

176 1335 499 1387 Prometheus,
536 1334 837 1388 Eumenides,
878 1333 1087 1394 Septem,
1130 1333 1392 1394 Supplices.
1451 1332 1509 1378 In
1545 1333 1639 1378 fine

174 1412 400 1472 scriptum
423 1412 482 1456 ab
506 1411 707 1466 librario,
729 1409 860 1462 Τέλος
894 1409 1064 1462 δεδωκὼς
1098 1409 1256 1472 Χριστέ
1279 1431 1341 1456 σοι
1377 1410 1494 1472 χάριν
1518 1410 1637 1472 φέρω.

175 1487 545 1550 Agamemnonis
579 1503 683 1548 pars
706 1488 913 1533 maxima
935 1486 1415 1548 Choephororumque
1450 1487 1639 1532 initium

175 1567 490 1612 desideratur:
526 1565 804 1611 exciderunt
838 1564 964 1609 enim
999 1564 1112 1610 folia
1142 1564 1516 1626 Agamemnonis
1541 1581 1642 1611 ver-

175 1659 252 1690 sus
283 1647 564 1704 311—1066.
602 1646 907 1701 1160—1673.
947 1647 997 1687 et
1033 1641 1420 1702 Choephororum
1461 1639 1642 1687 ὑπόθεσιν

176 1721 450 1782 prologique
472 1727 654 1780 partem
679 1720 880 1780 priorem
904 1719 1163 1779 complexa.
1229 1719 1502 1779 Inspectum
1527 1720 1640 1765 olim

177 1799 330 1844 obiter
363 1813 391 1843 a
426 1797 571 1843 Petro
595 1797 813 1843 Victorio
837 1796 1015 1857 primus
1049 1796 1208 1856 paullo
1233 1796 1504 1858 diligentius
1532 1813 1641 1843 con-

177 1874 288 1920 tulit
312 1874 551 1920 Antonius
578 1873 732 1919 Maria
751 1873 1013 1919 Salviniusa
1035 1879 1402 1933 excerptamque
1426 1873 1641 1920 lectionis

177 1951 498 1996 diversitatem
537 1950 680 1995 Petro
718 1949 999 1995 Needhamo
1039 1950 1168 1995 misit
1201 1965 1242 1995 a.
1284 1965 1408 2010 1715.
1450 1952 1582 2012 cujus
1614 1967 1641 1996 e

176 2027 463 2073 bibliotheca
497 2027 555 2072 ad
585 2025 850 2072 Askevium
885 2027 1126 2086 pervenit:
1163 2042 1255 2086 qua
1286 2028 1537 2074 collatione
1568 2030 1640 2075 usi

177 2110 287 2150 sunt
311 2104 534 2149 Butlerus
558 2112 607 2148 et
631 2103 951 2157 Blomfieldus‚
975 2119 1145 2149 novam
1170 2120 1368 2165 eamque
1393 2106 1506 2152 locis
1538 2107 1642 2167 plu-

178 2182 305 2226 rimis
339 2181 677 2226 accuratiorem
718 2181 923 2226 instituit
963 2182 1000 2226 F
1003 2184 1235 2228 ranciscus
1276 2184 1335 2228 de
1373 2184 1525 2236 Furia,
1561 2185 1642 2229 ad—

169 2258 349 2316 jectam
385 2257 594 2318 AEschyli
629 2257 823 2302 editioni
849 2257 1170 2319 Weigelianae,
1195 2276 1298 2320 quae
1334 2260 1503 2320 Lipsiae
1538 2277 1642 2320 pro-

178 2335 263 2380 diit
287 2350 329 2380 a.
359 2339 480 2392 1827.
540 2334 697 2394 Hujus
720 2335 893 2380 codicis
915 2335 1168 2381 lectionem
1192 2352 1280 2398 ego
1304 2338 1497 2383 exhibui
1522 2339 1643 2383 inte-

176 2426 321 2471 gram,
358 2426 503 2469 quum
543 2417 592 2455 et
637 2417 775 2457 aetate
822 2418 872 2456 et
908 2413 1190 2458 auctoritate
1235 2415 1404 2460 ceteris
1450 2421 1640 2475 praestet

179 2488 409 2532 omnibus.

232 2623 253 2643 a
281 2615 391 2653 Idem
417 2616 583 2667 inspexit
602 2617 726 2668 plutei
742 2630 807 2666 31.
831 2618 1000 2656 codicem
1027 2632 1060 2656 1.
1082 2620 1324 2657 chartaceum
1352 2619 1472 2658 seculi
1500 2631 1559 2670 15.
1580 2622 1643 2659 cui

180 2679 450 2725 Prometheus,
472 2680 630 2732 Septem
659 2688 699 2719 et
729 2682 857 2720 Persae
884 2683 1033 2727 insunt,
1066 2683 1457 2736 Philelphianumque
1476 2687 1639 2730 vocavit,

179 2743 307 2786 credo,
329 2743 434 2794 quod
452 2744 543 2781 olim
566 2744 763 2796 Philelphi
781 2746 912 2784 fuerit.
952 2748 1081 2797 Hujus
1100 2748 1242 2787 codicis
1261 2763 1283 2787 a
1303 2750 1534 2788 Blomfieldo
1553 2765 1640 2803 pas-

180 2807 251 2844 sim
280 2808 427 2845 mentio
446 2808 548 2846 facta
566 2814 636 2846 est.
696 2808 809 2847 Falsa
828 2810 1002 2860 quaedam
1030 2811 1078 2849 de
1106 2825 1152 2850 eo
1176 2813 1330 2852 rettulit
1359 2815 1408 2852 G.
1431 2816 1640 2866 Burgesius

180 2871 220 2908 in
240 2880 370 2910 annot.
392 2873 440 2911 ad
461 2873 664 2925 Supplices
683 2887 720 2925 p.
742 2887 806 2923 4¹·
828 2875 990 2913 Burneii
1010 2874 1123 2928 culpa
1142 2876 1182 2914 in
1202 2890 1370 2916 errorem
1388 2879 1583 2918 inductus.

867 2944 952 2985 A2
