1898 3256
367 228 450 271 294
837 227 1330 268 ANNOTATIONES

364 338 427 378 καὶ
451 335 601 390 ἐφθάρη
627 339 702 380 πᾶς
726 340 842 388 δῆμος
867 339 1048 389 πανώλης
1079 338 1140 378 καὶ
1170 338 1345 390 ἀνδρεῖος
1375 337 1437 377 καὶ
1463 337 1685 388 πολεμικὸς,
1707 337 1798 379 οὐδέ

363 420 420 446 τις
447 403 573 456 γέρων
600 405 791 451 ἀπώλετο,
823 404 922 445 τοῦτ’
946 405 1042 453 ἔστι,
1071 404 1213 445 πάντες
1246 405 1284 444 οῖ
1311 403 1393 443 νέοι
1423 401 1665 455 ἐφθάρησαν,
1692 405 1730 444 οἱ
1756 405 1798 445 δὲ

363 469 545 522 γέροντες
565 470 624 510 οὔ.
654 471 742 512 τοὺς
761 472 835 523 γὰρ
857 470 967 513 νέους
984 471 1125 521 μόνους
1145 471 1165 510 ὁ
1188 469 1334 522 Ξέρξης
1363 470 1690 521 ἐστρατολόγησε,
1711 469 1799 513 τοὺς

364 538 406 577 δὲ
434 536 621 589 γέροντας
650 537 700 578 ὡς
730 538 909 579 ἀσθενεῖς
938 538 1052 579 ὄντας
1079 537 1140 576 καὶ
1163 535 1214 587 μὴ
1246 535 1480 586 δυναμένους
1512 538 1665 586 κινῆσαι
1693 536 1799 576 ὅπλα

365 602 576 655 κατέλειψε
595 604 639 654 τῇ
662 605 825 654 Περσίδι
843 604 950 658 χώρα
972 601 1196 654 ἐπιτηρητάς
1217 619 1258 642 τε
1278 602 1339 642 καὶ
1360 603 1552 654 φύλακας.
1598 603 1694 642 Non
1715 601 1798 642 ani-

363 668 580 709 madvertit
609 668 899 723 grammaticus
927 668 1173 724 AEschylum
1208 667 1410 723 scripsisse
1444 671 1561 719 δῆμος
1591 668 1635 708 οὐ
1668 667 1713 718 δή
1742 685 1798 710 τις

363 733 503 786 γέρων,
525 734 551 775 i.
574 751 609 775 e.
628 735 703 775 flos
723 735 882 790 populi.

420 813 514 855 734.
544 800 708 855 μονάδα]
739 803 801 842 Ut
828 801 891 842 hic
911 801 1059 841 dicitur
1079 801 1242 841 Xerxes
1260 801 1483 852 μονὰς-οὐ
1502 804 1664 841 πολλῶν
1682 799 1792 852 μέτα,

364 866 421 907 sic
444 862 595 922 Eurip.
620 868 783 908 Hecub.
809 881 928 923 1130.
948 870 1070 919 μόνον
1090 869 1131 907 δὲ
1152 867 1225 907 σὺν
1244 867 1417 907 τέκνοισί
1441 866 1478 918 μ’
1501 866 1662 919 εἰσάγει.
1710 867 1797 906 He-

361 934 495 974 rodot.
526 936 566 983 6,
598 945 661 988 15.
691 934 772 985 μετ’
803 936 949 987 ὀλίγων
984 934 1197 988 συμμάχων
1229 934 1506 985 μεμονωμένοι.
1540 933 1610 974 ubi
1640 934 1798 974 confert

363 1000 661 1055 VVesselingius
691 1002 731 1041 T
737 1000 888 1055 hucyd.
915 1002 956 1049 6,
980 1014 1044 1041 10.
1075 1002 1262 1053 μονωθεὶς
1290 1002 1371 1052 μετ’
1391 1002 1536 1053 ὀλίγων
1564 997 1795 1050 ξυνδιαβάν-

362 1085 451 1108 των.
513 1067 655 1108 Multo
684 1067 828 1107 durius
857 1076 916 1107 est
943 1070 1055 1121 quod
1089 1067 1211 1108 habet
1240 1066 1434 1122 Xenoph.
1468 1066 1624 1122 Ephes.
1660 1081 1701 1121 p.
1725 1067 1794 1120 36.

361 1133 510 1177 πάντας
529 1134 741 1181 ἀπέκτεινε,
764 1134 921 1186 ὀλίγους
940 1135 982 1173 δὲ
1003 1135 1064 1175 καὶ
1083 1138 1225 1182 ζῶντας
1245 1134 1382 1184 ἔλαβε.
1415 1134 1638 1174 BLOMF.

420 1212 512 1256 735.
543 1202 633 1256 ποῦ]
663 1204 715 1251 πῆ
746 1202 796 1241 C.
822 1210 862 1240 et
884 1201 1078 1241 Cantabr.
1108 1216 1184 1241 sec.
1219 1200 1344 1255 Soph.
1367 1200 1470 1240 OEd.
1493 1202 1543 1241 C.
1562 1200 1661 1252 476.
1692 1199 1736 1239 τὸ
1763 1198 1794 1239 δ’

362 1268 475 1308 ἔνθεν
501 1273 571 1308 ποῖ
596 1269 829 1319 τελευτῆσαί
853 1284 902 1319 με
930 1267 1005 1320 χρή
1020 1285 1029 1314 ;
1062 1267 1211 1323 Eurip.
1234 1268 1338 1307 Hec.
1357 1279 1455 1320 419.
1487 1271 1556 1307 ποῖ
1578 1265 1815 1317 τελευτήσω’

360 1336 465 1385 βίον.
498 1335 726 1375 BLOMF.

417 1402 619 1454 τελευτᾶν]
645 1403 807 1454 τελευτᾷ
828 1401 939 1440 A.B.
973 1399 1265 1454 Interpretatio
1284 1398 1324 1438 in
1347 1400 1397 1439 Β.
1417 1402 1495 1441 πῶς
1513 1415 1556 1439 τε
1576 1398 1620 1448 δὴ
1642 1399 1796 1452 ἔρχεται

362 1469 424 1508 καὶ
442 1472 511 1508 ποῖ
528 1467 740 1518 κατήντησε
769 1468 813 1507 τὸ
843 1470 1025 1519 πρᾶγμα;
1059 1467 1109 1506 In
1138 1466 1193 1505 A.
1221 1464 1276 1519 gl.
1310 1467 1492 1518 καταντᾷ.
1525 1465 1793 1506 BRUNCK.

362 1534 574 1574 Glossema
609 1536 777 1586 καταντᾷ
814 1533 854 1573 in
893 1542 1050 1573 textum
1089 1531 1250 1587 irrepsit
1285 1531 1477 1572 cantabr.
1503 1546 1578 1571 sec.
1633 1533 1795 1585 τελευτᾷ

359 1601 479 1641 etiam
502 1600 605 1640 Ald.
628 1600 736 1640 Rob.
761 1601 897 1640 Turn.
959 1598 1232 1647 Infinhivum,
1254 1597 1326 1652 qui
1354 1605 1415 1638 est
1444 1596 1484 1637 in
1517 1598 1581 1638 M.
1608 1597 1793 1653 aliisque,

358 1668 515 1723 primus
563 1667 739 1708 restituit
780 1667 937 1722 steph„
970 1665 1039 1706 sed
1088 1664 1364 1719 interrogandi
1405 1664 1520 1719 signo
1559 1663 1663 1704 male
1703 1674 1794 1720 post

361 1735 446 1775 ἔστι
475 1734 682 1775 translato.
743 1731 1080 1788 Interpunctione
1109 1738 1247 1771 carent
1272 1730 1374 1770 Ald.
1395 1730 1526 1770 Rob.:
1559 1730 1673 1770 colon
1703 1741 1796 1786 post

359 1803 521 1853 τελευτᾷ
552 1800 689 1855 posuit
710 1801 844 1839 Turn.
875 1801 1037 1851 τελευτᾷ
1058 1797 1129 1852 qui
1157 1797 1402 1852 scripserunt
1422 1797 1573 1838 librarii
1603 1812 1683 1838 non
1709 1797 1795 1839 ani-

360 1867 658 1907 madverterant
678 1865 922 1906 infinitivum
944 1879 968 1904 a
987 1864 1240 1920 praecedente
1260 1865 1359 1917 φασὶ
1380 1864 1567 1920 pendere.

417 1934 519 1984 ἔστι]
546 1934 655 1974 ἔστιν
675 1932 776 1973 Ald.
799 1931 909 1972 Rob.

415 2000 487 2054 τίς]
508 2001 564 2044 τὶς
585 2001 692 2041 Rob.
747 1998 1013 2039 Scribendum
1037 2015 1091 2040 τις
1111 1997 1196 2038 sine
1214 2007 1396 2039 accentu.

417 2069 511 2120 736.
531 2066 685 2120 μολεῖν]
705 2083 769 2119 γρ.
792 2070 934 2118 φυγεῖν
954 2066 1018 2104 Μ.

415 2138 507 2185 γαῖν
526 2132 758 2172 Askewius.
813 2131 1049 2186 Legebatur
1070 2132 1128 2171 ἐν.

416 2199 537 2253 δυοῖν]
568 2202 688 2239 ὃοιοῖν
719 2199 782 2238 Μ.
816 2207 862 2238 ut
895 2212 931 2237 v.
968 2208 1061 2250 720.
1106 2196 1342 2252 Utrobique
1375 2204 1511 2236 autem
1547 2197 1668 2237 ὃοὶοῖν
1698 2211 1792 2237 cum

360 2265 505 2321 spiritu
543 2280 686 2320 aspero
725 2264 933 2320 scriptum,
973 2263 1045 2319 qui
1084 2279 1106 2304 e
1144 2263 1260 2304 litera
1298 2280 1321 2302 v
1369 2261 1641 2318 superscripta
1678 2272 1793 2304 ortus

359 2331 535 2373 videtur.

417 2410 511 2454 737.
535 2397 820 2454 Interrogandi
842 2397 1002 2453 signum
1021 2407 1112 2454 post
1131 2397 1244 2448 τήνδε
1273 2396 1408 2452 posuit
1433 2396 1679 2437 Brunokius.
1739 2397 1792 2437 In

358 2464 563 2522 prioribus
583 2464 830 2505 editionibus
849 2465 963 2505 nulla
981 2464 1269 2520 interpunctio.

417 2531 510 2586 738.
532 2534 644 2570 τοῦτο
665 2531 769 2585 κούκ]
793 2530 859 2571 Sic
879 2531 1034 2572 correxi
1054 2531 1152 2571 vitia
1170 2531 1383 2580 librorum,
1399 2544 1572 2585 quorum
1594 2528 1659 2569 alii
1680 2529 1794 2569 τοῦτό

359 2598 394 2651 γ’
415 2599 495 2645 οὐκ,
519 2607 563 2638 ut
584 2600 656 2646 A.‚
672 2597 736 2637 alii
768 2599 882 2638 τοῦτό
900 2597 930 2638 τ’
953 2599 1032 2644 οὐκ,
1054 2597 1121 2638 alii
1141 2598 1260 2651 τούτῳ
1280 2596 1315 2650 γ’
1338 2597 1417 2643 οὐκ,
1442 2605 1487 2637 ut
1508 2597 1572 2636 M.
1594 2603 1634 2635 et
1652 2594 1793 2635 addito

359 2683 420 2718 γρ.
451 2666 587 2706 τούτου
615 2665 653 2717 γ”
680 2665 747 2704 οὐκ
780 2665 844 2714 Β.,
862 2663 961 2704 Ald.
994 2678 1090 2704 vero
1115 2672 1156 2704 et
1183 2663 1291 2704 Rob.
1321 2664 1440 2717 τούτῳ
1472 2662 1502 2703 δ’
1527 2662 1607 2709 οὐκ,
1629 2676 1681 2701 ex
1708 2676 1793 2716 quo

359 2735 471 2772 τοῦτο
492 2730 523 2771 δ’
545 2731 612 2771 οὐκ
631 2730 785 2771 factum
806 2730 847 2770 in
866 2731 1000 2770 Turn.
1032 2729 1276 2770 Blomfieldo
1290 2732 1402 2770 τοῦδε
1423 2730 1512 2770 κούκ
1533 2727 1791 2770 scribendum

359 2798 589 2846 videbatur,
610 2806 732 2845 recte,
754 2796 828 2836 nisi
849 2797 961 2852 quod
980 2799 1091 2837 τοῦτο
1112 2811 1270 2837 servare
1289 2796 1476 2837 debebat.

418 2876 512 2919 739.
535 2865 574 2907 ἐς
594 2865 635 2903 δὲ
654 2863 757 2904 παῖδ’
778 2863 843 2903 Μ.
859 2862 1009 2917 aliique
1029 2872 1070 2903 et
1090 2863 1200 2904 Rob.
1235 2863 1274 2906 ἔς
1293 2879 1336 2903 τε
1350 2861 1451 2904 παῖδ’
1470 2861 1615 2903 Viteb.
1631 2863 1669 2905 ἐς
1688 2861 1788 2903 παῖδ’

362 2932 529 2972 Barocc.
551 2939 591 2971 et
610 2929 710 2970 Ald.
744 2931 782 2972 ἐς
801 2930 870 2970 τὸν
888 2928 989 2971 παῖδ’
1013 2929 1147 2970 Turn.
