1898 3256
558 234 649 275 AD
681 229 1159 274 PROMETHEUM.
1512 229 1597 274 119

126 343 253 386 brar-ii
273 345 434 389 οὐδενὸς
453 348 567 398 μεῖον
586 340 852 400 hyperbolice
870 339 1030 382 dictum
1051 354 1138 381 esse
1158 346 1207 380 ut
1228 339 1410 381 ἔλασσον
1428 338 1453 392 ἢ
1472 340 1596 391 μηδὲν

128 427 166 453 v.
190 413 288 467 938.

191 493 314 531 1014.
348 481 420 521 ἐὰν
437 479 491 532 μὴ
510 478 606 535 τοῖς]
627 479 863 520 Paucorum
885 476 1074 519 codicum
1096 475 1197 517 vitia
1216 486 1315 518 sunt
1342 476 1392 518 ἂν
1419 476 1472 529 μὴ
1501 479 1593 528 τοῖς,

129 546 180 588 ἂν
200 549 236 588 εἶ
252 547 306 599 μὴ
326 551 417 597 τοῖς,
439 547 489 589 ἂν
509 548 555 589 οὗ
573 547 626 599 μὴ
645 550 741 590 τοῖς.
792 546 846 587 In
868 544 973 586 Ald.
997 545 1070 586 ε’ἆν
1089 547 1184 587 τοῖς.

186 614 369 669 πεισθῇς]
388 615 504 671 πείθῃ
523 614 683 670 aliquot
703 613 826 655 codd.

191 691 314 737 1015.
335 683 524 735 τρικυμία,
547 683 723 723 Fluctus
742 682 1012 730 decumanus,
1036 689 1083 720 ut
1104 679 1296 721 dicebant
1313 679 1480 727 Latini;
1515 689 1596 721 ter·

130 749 212 790 tius
239 749 348 806 enirn
368 749 547 805 quisque
566 748 719 790 fluctus
749 748 956 790 maximus
975 762 1063 788 esse
1084 746 1212 803 vulgo
1231 746 1491 797 credebatur,
1514 747 1595 798 vel,

132 826 179 857 ut
209 817 361 857 Festus
390 816 532 866 tradit,
564 816 762 857 decimus.
807 815 928 857 Plato
957 815 1010 856 de
1040 816 1150 871 Rep.
1180 828 1224 869 5.
1254 830 1298 871 p.
1323 825 1409 869 472
1431 816 1488 856 A.
1520 816 1596 856 δύω

130 885 275 935 κύματε
295 885 508 937 ἐκφυγόντι
528 883 572 924 τὸ
591 883 784 937 μέγιστον
804 884 868 924 καὶ
888 884 1176 937 χαλεπώτατον
1195 885 1264 934 τῆς
1282 884 1482 935 τρικυμίας
1502 882 1598 924 ἐπά-

129 967 226 1004 γεις.
259 950 475 992 Plutarch.
497 951 551 992 de
583 952 682 992 Sera
702 952 833 992 Num.
855 950 981 992 Vind.
1013 966 1054 1007 p.
1077 961 1175 1006 975.
1197 952 1253 992 Τί
1268 953 1345 1003 γὰρ
1370 954 1433 991 δεῖ
1449 950 1493 991 τὸ
1514 951 1594 1003 τρί-

128 1035 199 1059 τον
219 1019 448 1071 ἐπενεγκεῖν
470 1022 581 1071 κῦμα,
606 1020 669 1060 καὶ
687 1020 1038 1071 προσκατακλύσαι
1057 1019 1128 1060 τὸν
1146 1021 1284 1072 λόγον,
1308 1020 1343 1060 εἷ
1362 1020 1411 1059 τὰ
1425 1019 1598 1071 πρότερα

128 1085 181 1137 μὴ
202 1087 365 1129 δυνατός
393 1087 478 1127 ἐστι
502 1087 746 1134 διώσασθαι;
781 1086 1018 1127 Menander
1035 1086 1151 1142 apud
1172 1085 1467 1127 Alexandrum
1489 1085 1598 1127 inter

130 1153 338 1194 Rhetores
356 1153 411 1195 ab
431 1153 549 1195 Aldo
569 1153 703 1195 editos
727 1155 849 1208 1508.
874 1167 910 1195 1.
933 1169 976 1210 p.
1000 1155 1099 1208 578.
1120 1169 1146 1195 a
1166 1155 1355 1194 Porsono
1374 1153 1596 1203 indicatus,

128 1219 299 1273 “Ετέραν
330 1225 564 1274 περιμεῖναι,
599 1221 775 1276 χάτέραν
805 1223 1022 1274 τρικυμίαν.
1069 1221 1219 1277 Eurip.
1258 1221 1437 1277 Hippol.
1472 1233 1595 1276 1213.

131 1288 244 1344 Αὐτῷ
272 1290 315 1329 δὲ
343 1289 416 1330 σὺν
446 1290 613 1330 κλύδωνι
643 1289 707 1330 καὶ
741 1289 930 1343 τρικυμία,
954 1287 1051 1340 Κΰμ’
1085 1288 1245 1340 ἐξέθηκε
1271 1292 1428 1342 ταῦρον,
1457 1289 1598 1342 ἄγριον

129 1355 255 1408 τέρας.
288 1356 446 1397 Troad.
469 1357 535 1398 82.
558 1358 726 1410 Αἰγαῖον
744 1357 870 1409 πόρον
885 1356 1112 1409 Τρικυμίαις
1130 1356 1344 1409 βρέμοντα.
1379 1355 1596 1413 Lycophr.

129 1424 229 1475 476.
261 1428 421 1477 λαβρῶς
450 1424 633 1465 σαλεύων
661 1427 741 1465 πᾶν
773 1425 950 1479 τρικυμία
981 1424 1116 1465 πέδον.
1159 1425 1190 1464 J
1193 1424 1336 1480 oseph.
1366 1425 1533 1466 Macch.
1557 1438 1595 1478 7.

132 1492 468 1543 καταντλούμενος
515 1495 598 1534 ταῖς
647 1495 726 1532 τῶν
762 1491 959 1544 βασάνων
993 1493 1217 1544 τρικυμίαις.
1273 1491 1467 1533 Marinus
1500 1491 1598 1533 Vita

131 1558 268 1599 Procli
290 1574 333 1614 p.
355 1569 428 1614 35.
452 1560 496 1600 ἐν
517 1559 615 1615 ζάλῃ
634 1561 711 1612 γὰρ
731 1560 942 1612 παρελθὼν
963 1559 1027 1600 καὶ
1045 1561 1221 1614 τρικυμία
1240 1559 1493 1613 πραγμάτων.
1525 1559 1598 1601 ubi

132 1626 215 1667 vid.
239 1627 482 1668 Boissonad.
515 1627 788 1683 Hipparchus
805 1627 1099 1684 Pythagoreus
1113 1643 1181 1684 ap.
1198 1628 1428 1678 stobaeum,
1454 1627 1599 1684 (Galei

131 1709 176 1750 p.
202 1695 287 1748 19.)
321 1696 411 1736 οὔτε
440 1694 648 1747 δυνάμενοι
680 1697 920 1745 κατανοῆσαι
952 1695 1023 1736 τόν
1054 1712 1098 1736 τε
1120 1700 1198 1736 τῶν
1232 1697 1461 1748 παρεόντων
1487 1697 1597 1748 βίον,

134 1764 198 1804 καὶ
224 1764 295 1804 τὸν
314 1767 392 1804 τῶν
414 1764 734 1816 παρεστακότων,
758 1764 802 1803 ἐν
828 1763 943 1804 ὅσαις
971 1767 1193 1815 συμφοραῖς
1224 1763 1288 1803 καὶ
1316 1767 1444 1803 κακῶν
1470 1780 1597 1815 τρικυ-

132 1832 239 1882 μίαις
259 1831 322 1871 καὶ
343 1834 414 1871 νῦν
435 1830 516 1871 ἐντὶ
534 1831 694 1878 πολλοὶ,
719 1830 783 1871 καὶ
805 1829 881 1883 πρὸ
901 1833 970 1870 τοῦ
993 1829 1194 1883 ἐγένοντο.
1247 1829 1476 1871 Scholiasta
1495 1830 1598 1871 Pin-

134 1898 224 1939 dari
246 1897 395 1938 Isthm.
419 1898 455 1938 I.
476 1907 548 1951 52.
569 1898 633 1938 καὶ
651 1896 838 1941 Ἀλκαῖος
857 1897 927 1948 τὴν
949 1898 1165 1951 δυστυχίαν
1183 1902 1360 1952 χειμῶνα
1387 1898 1450 1939 καὶ
1469 1915 1596 1951 τρικυ-

133 1968 228 2017 μίαν
253 1965 379 2019 λέγει.
411 1965 485 2006 ubi
515 1964 636 2020 plane
666 1964 891 2021 legendum
911 1975 972 2005 est
993 1966 1221 2019 Αἰσχύλος;
1253 1980 1349 2006 nam
1381 1975 1479 2006 sunt
1507 1965 1599 2022 ipsa

136 2033 263 2074 nostri
284 2033 425 2074 verba.
455 2033 697 2074 Aristaenet.
718 2034 802 2089 Ep.
828 2046 864 2083 1,
893 2046 956 2086 17.
979 2033 1042 2074 καὶ
1061 2034 1259 2085 τρικυμίας
1278 2032 1348 2074 τὸν
1366 2034 1513 2086 τρόπον
1532 2036 1601 2085 τῆς

135 2100 306 2142 ἀστάτου
336 2102 533 2144 σαλεύεις.
563 2100 679 2156 quod
709 2099 762 2141 de
795 2101 972 2155 τρικυμία
1000 2100 1180 2142 absurde
1213 2100 1371 2142 dictum
1403 2111 1489 2148 est;
1522 2101 1599 2143 etsi

134 2167 326 2209 θάλασσα
351 2167 504 2209 dicitur
532 2169 703 2211 ἄστατος
730 2168 887 2209 comico
906 2183 973 2224 ap.
1002 2167 1129 2209 Dion.
1152 2168 1366 2224 Chrysost.
1389 2170 1507 2211 Orat.
1527 2183 1597 2225 32.

135 2235 218 2277 Ed.
243 2235 438 2276 Sambuci
458 2236 694 2289 τρικυμίαις;
728 2235 840 2276 unde
860 2235 1045 2292 suspicor
1066 2235 1290 2292 legendum
1311 2252 1410 2288 esse,
1433 2238 1497 2279 καὶ
1517 2254 1598 2291 τρι.

136 2304 300 2354 κυμίαις,
322 2303 468 2356 τρόπον
488 2303 580 2355 νηὸς
600 2302 785 2351 ἀστάτου,
808 2305 1006 2351 σαλεύεις,
1033 2303 1222 2359 sequitur
1251 2304 1361 2345 enim
1393 2305 1502 2356 κοινὴ
1521 2307 1598 2358 γὰρ

136 2373 244 2420 ναῦς,
263 2370 393 2413 κοινὸς
412 2371 600 2413 κίνδυνος·
633 2372 654 2411 ὁ
673 2371 935 2423 παροιμιώδης
953 2371 1156 2422 διετάξατο
1175 2372 1311 2424 λόγος.
1362 2371 1598 2427 Alciphron

135 2438 220 2493 Ep.
253 2451 291 2487 Ι,
315 2451 356 2492 3.
386 2452 432 2493 p.
459 2438 523 2478 18.
557 2437 602 2478 τὸ
629 2439 700 2480 τὰς
728 2439 928 2490 τρικυμίας
960 2439 1023 2479 καὶ
1051 2439 1143 2481 τοὺς
1175 2440 1218 2479 ἐκ
1244 2439 1370 2490 βύθου
1399 2441 1599 2483 κινδύνους

136 2505 344 2557 ἀγνοῆσαι.
390 2503 559 2544 Firmus
599 2504 795 2560 Episcop.
839 2506 991 2546 Caesar.
1027 2505 1069 2545 in
1110 2505 1248 2561 Epist.
1280 2520 1349 2562 ap.
1387 2507 1597 2548 Murator.

136 2570 344 2611 Anecdot.
366 2571 424 2612 T.
446 2583 486 2625 5.
509 2586 549 2626 p.
568 2583 664 2625 292.
686 2570 757 2612 Ἐκ
777 2576 969 2624 χειμῶνος
997 2573 1059 2613 καὶ
1079 2574 1276 2624 τρικυμίας
1295 2573 1475 2626 γαλήνην
1492 2574 1599 2615 εἶδον

138 2638 202 2678 καὶ
230 2637 393 2690 ἡμέραν,
413 2637 457 2678 τὸ
486 2640 555 2678 τοῦ
583 2639 720 2690 λόγου,
749 2638 908 2689 λευκήν.
939 2638 1012 2679 ubi
1042 2638 1206 2694 respicit
1236 2654 1316 2680 non
1351 2641 1473 2680 modo
1494 2642 1598 2682 Pro-

138 2704 290 2745 methei
322 2719 500 2754 versum,
533 2704 603 2745 sed
636 2705 786 2760 Eurip.
819 2706 954 2746 Orest.
982 2718 1080 2760 273.
1113 2715 1155 2746 et
1184 2706 1450 2761 proverbium
1476 2708 1597 2759 λευκὴ

136 2771 275 2824 ἡμέρα.
307 2786 393 2827 quo
414 2786 513 2812 usus
531 2781 592 2812 est
612 2771 790 2825 Eupolis
810 2772 851 2813 in
874 2774 1039 2823 Κόλαξι.
1071 2773 1304 2814 BLOMF.

199 2845 322 2885 1016.
346 2843 532 2898 ἄφυκτος]
553 2839 734 2896 ἀφύκτὲῗς
755 2845 820 2886 Μ.

195 2911 346 2966 ὀκρίδα]
368 2912 506 2963 ἀκρίδα
525 2910 630 2952 Ald.
652 2911 764 2953 Rob.
