1898 3256
577 198 667 240 AD
698 197 1179 240 PROMETHEUM.
1556 198 1612 240 75

148 321 217 363 29.
254 308 489 365 Ἐμπειρίαν
527 309 559 352 δ’
601 310 741 365 ἔχουσι
784 310 849 352 καὶ
893 311 962 361 τῆς
1000 311 1066 351 διὰ
1104 313 1183 352 τῶν
1221 310 1371 352 οἰωνῶν
1409 313 1610 363 μαντικῆς.

147 378 373 419 STANL.

200 458 301 499 490.
324 445 560 502 εὐωνύμους]
583 445 774 497 εὖῶνυμοι
793 445 906 487 Rob.
927 444 1076 501 steph.
1097 459 1194 486 cum
1215 444 1375 502 aliquot
1393 444 1515 486 codd.

201 525 302 567 492.
331 513 571 568 στέργηθρα]
608 512 828 567 στέργητρα
857 513 923 554 Μ.
955 521 997 554 et
1019 512 1264 570 Cantabrig.
1290 512 1462 570 primus.
1522 512 1612 554 Alii

143 579 314 636 quidam
338 581 548 634 θέλγητρα.

201 649 419 703 συνεδρίαι]
455 647 727 690 scribendum
767 649 963 701 ξυνεδρίαι
986 663 1082 690 cum
1104 647 1332 690 Brunckio.
1380 653 1408 673 “
1425 648 1610 690 Verbum

142 723 206 756 est
237 716 462 771 augurale;
495 715 749 758 contrarium
781 716 929 769 διεδρία
961 715 1140 758 Aristot.
1170 716 1284 757 Hist.
1318 716 1463 758 Anim.
1496 731 1537 770 9,
1574 730 1611 758 1.

144 783 224 824 sub
235 784 344 825 med.
358 788 440 827 τοῖς
452 783 680 837 ὠμοφάγοις
692 783 847 825 ἅπαντα
858 788 1039 836 πολεμεῖ,
1054 784 1117 826 καὶ
1129 788 1252 826 ταῦτα
1263 788 1346 828 τοῖς
1357 785 1614 828 ἄλλοις-

142 852 237 893 ὅθεν
267 851 330 892 καὶ
356 853 425 895 τὰς
454 851 622 904 διεδρίας
655 852 718 892 καὶ
743 853 813 895 τὰς
847 853 1054 904 συνεδρίας
1085 854 1123 893 οἱ
1153 852 1316 904 μάντεις
1340 852 1610 905 λαμβάνουσι.

141 920 275 972 δίεδρα
302 920 377 972 μὲν
396 921 446 961 τὰ
471 918 645 971 πολέμια
670 918 856 963 τιθέντες·
890 920 1062 973 σ-ὗνεδρα
1088 921 1132 961 δὲ
1161 922 1210 962 τὰ
1239 922 1489 973 εἷρηνεύοντα
1515 920 1614 974 πρὸς

140 987 314 1039 ἄλληλα.
366 986 523 1028 AElian.
556 988 612 1028 N.
640 988 697 1029 A.
732 1001 771 1038 Ι,
807 987 878 1040 48.
913 989 1140 1030 ὀττεύονται
1169 989 1270 1042 πρὸς
1301 989 1373 1040 τὴν
1406 989 1611 1043 (κόρακος)

140 1054 245 1106 βοὴν
265 1055 304 1096 οἳ
323 1054 525 1098 συνιέντες
545 1055 713 1107 ὀρνίθων
737 1055 800 1096 καὶ
828 1055 941 1108 ἔδρας
972 1057 1036 1099 καὶ
1060 1059 1238 1111 κλαγγᾶς
1268 1057 1330 1098 καὶ
1355 1057 1517 1109 πτήσεις
1546 1056 1613 1097 αὗ-

142 1126 232 1164 τῶν.
262 1122 361 1164 add.
391 1135 437 1178 3,
464 1136 506 1178 9.
534 1132 576 1166 et
605 1123 647 1173 8,
673 1135 714 1177 5.
740 1122 837 1164 hinc
868 1125 976 1177 ὄρνις
1005 1125 1076 1166 οὐκ
1106 1127 1263 1179 εὔεδρος
1288 1124 1404 1182 apud
1433 1123 1613 1166 eundem

148 1191 215 1239 16,
241 1191 304 1231 16.
323 1205 410 1246 quo
428 1201 470 1231 et
498 1190 680 1246 pertinet
710 1190 879 1244 ἔξεδρος.
912 1191 996 1234 vid.
1020 1193 1179 1249 Spanh.
1199 1193 1254 1234 ad
1277 1192 1443 1234 Callim.
1465 1191 1610 1249 hymn.

142 1256 184 1300 in
207 1256 371 1300 Pallad.
396 1273 454 1299 vs.
477 1258 593 1310 124.''
622 1258 929 1300 ABRESCH.

199 1336 300 1380 495.
319 1328 444 1379 χολῆς
463 1329 594 1377 λοβοῦ
614 1342 659 1367 τε
677 1326 861 1378 ποικίλην
881 1327 1117 1383 εὐμορφίαν]
1144 1329 1189 1369 F
1186 1328 1278 1369 ellis
1297 1329 1423 1369 etiam
1450 1334 1490 1370 et
1505 1325 1613 1382 jeci-

141 1393 261 1439 ποήε
291 1393 459 1434 varium
488 1392 676 1434 habitum
703 1399 743 1435 et
773 1393 974 1441 colorem,·
1007 1394 1075 1436 hic
1106 1394 1217 1436 idem
1251 1395 1367 1451 quod
1401 1394 1615 1436 versiculis

141 1459 308 1501 duobus
325 1459 665 1503 antecedentibus
683 1461 912 1517 generatim
934 1461 1113 1514 dixerat,
1133 1462 1187 1504 ad
1210 1462 1423 1520 propriam
1444 1462 1552 1504 fellis
1572 1473 1615 1504 et

134 1527 287 1584 jecoris
315 1541 507 1574 naturam
536 1529 755 1577 transfert;
789 1529 1031 1588 haruspices
1057 1531 1166 1573 enim
1199 1541 1390 1573 accurate
1419 1531 1612 1573 observa—

141 1595 259 1645 bant,
280 1611 376 1652 quae
397 1611 492 1652 pars
501 1596 653 1653 jecoris
672 1596 852 1648 inimica,
868 1614 966 1654 quae
995 1614 1092 1655 pars
1116 1599 1329 1641 familiaris
1353 1609 1474 1650 esset,
1496 1599 1612 1656 quod

141 1664 282 1712 fissum
303 1665 547 1722 periculum,
569 1666 685 1723 quod
712 1667 977 1708 commodum
998 1667 1169 1724 aliquod
1190 1668 1450 1715 ostenderet;
1483 1678 1613 1724 caput

133 1732 286 1788 jecoris
299 1749 351 1775 ex
368 1733 482 1775 omni
502 1743 620 1790 parte
640 1733 953 1791 diligentissime
972 1736 1306 1787 considerabant,
1327 1751 1380 1777 an
1408 1735 1561 1777 scilicet
1587 1751 1614 1777 a

140 1801 277 1843 cultro
304 1801 450 1844 laesum
484 1811 606 1853 esset,
638 1801 702 1844 vel
731 1804 855 1859 plane
881 1802 1057 1846 abesset.
1120 1805 1308 1845 Centena
1332 1803 1430 1845 talia
1465 1804 1529 1844 vel
1559 1818 1611 1845 ex

142 1883 227 1910 uno
246 1870 275 1910 J
281 1869 366 1911 ulio
392 1870 660 1926 Obsequente
685 1870 946 1927 antiquitatis
975 1870 1151 1913 studiosi
1179 1881 1442 1928 cognoscent.
1477 1872 1610 1913 SCH.

141 1936 186 1978 Si
207 1937 334 1989 λοβὸς
353 1937 503 1989 defuit,
524 1938 755 1995 auspicium
775 1938 920 1980 infelix
940 1938 1036 1981 fuit.
1064 1938 1216 1996 Eurip.
1233 1938 1391 1981 Electr.
1406 1940 1502 1983 826.
1527 1941 1612 1992 ἱερὰ

137 2003 173 2045 δ’
209 2005 264 2048 εἰς
302 2008 439 2059 χεῖρας
471 2007 614 2058 λαβὼν
648 2008 839 2060 Αἴγισθος
869 2007 992 2060 ἤθρει,
1028 2007 1092 2048 καὶ
1126 2006 1254 2059 λοβὸς
1291 2008 1366 2059 μὲν
1401 2007 1447 2048 οὐ
1481 2010 1611 2060 παρῆν

137 2072 403 2127 σπλάγχνοις,
431 2075 553 2116 πύλαι
580 2075 623 2116 δὲ
657 2075 720 2116 καὶ
749 2075 865 2128 δοχαὶ
894 2077 1021 2128 χολῆς
1049 2073 1178 2118 πέλας
1210 2076 1330 2118 κακὰς
1361 2074 1530 2128 ἔφαινον
1558 2077 1611 2131 τῷ

135 2145 351 2185 σκοποῦντι
384 2141 631 2195 προσβολάς.
694 2143 813 2184 Inter
852 2142 1045 2198 prodigia
1083 2141 1138 2183 ab
1177 2142 1298 2184 «lulio
1339 2142 1609 2199 Obsequente

137 2218 363 2251 memorata
381 2209 460 2251 hoc
480 2210 605 2252 etiam
626 2220 836 2262 narratur,
852 2226 980 2268 quum
1004 2211 1287 2252 immolassent
1302 2212 1496 2254 victimas
1514 2226 1609 2253 con-

136 2276 399 2332 sules,Jecur
416 2278 620 2328 ecctabuiss
641 2293 684 2334 p.
707 2288 776 2332 71.
797 2278 865 2319 ed.
888 2279 944 2321 R.
963 2279 1108 2336 Steph.
1141 2280 1377 2322 BLOMF.

196 2345 294 2397 496.
315 2345 430 2401 κνίσῃ
450 2345 519 2385 Μ.
551 2345 692 2402 Vulgo
713 2347 869 2398 κνίσσῃ.

197 2411 549 2467 κνίσῃ-θνητοὺς]
571 2413 710 2454 Porro
739 2427 817 2470 ego
840 2415 1024 2455 membra
1053 2429 1086 2456 8.
1107 2429 1203 2456 ossa
1231 2416 1390 2456 arvina
1418 2422 1609 2470 σοφεν-τα

137 2484 178 2519 et
197 2478 382 2519 lumbum
396 2479 572 2536 longum
586 2481 860 2523 comburendo
879 2482 950 2535 (cf.
965 2483 1141 2523 Homer.
1162 2482 1285 2525 Iliad.
1308 2487 1358 2534 A,
1372 2486 1470 2536 460.
1484 2485 1542 2536 46
1551 2498 1562 2525 ι
1575 2485 1604 2537 .)

137 2547 196 2586 ad
213 2551 347 2586 artem
367 2546 574 2602 difficilem
595 2549 709 2589 viam
728 2551 963 2590 monstravi
983 2549 1233 2592 hominibus.
1291 2551 1366 2593 Ad
1388 2566 1473 2592 rem
1494 2551 1606 2593 illus-

139 2612 328 2656 trandam
347 2613 554 2655 Morellus
582 2615 779 2658 excitavit
809 2617 1024 2673 sequentia
1045 2617 1295 2674 scriptorum
1316 2619 1427 2660 loca:
1463 2620 1604 2661 Senec.

138 2680 288 2738 OEdip.
309 2697 350 2722 v.
370 2694 471 2736 309,
494 2682 567 2730 ubi
588 2682 772 2725 Tiresias
791 2684 1004 2740 loquitur:

258 2750 465 2790 Utrumne
483 2750 625 2791 clarus
645 2751 766 2807 ignis
784 2757 825 2792 et
842 2752 1006 2793 nitidus
1025 2754 1140 2794 stetit

253 2824 468 2874 rectusque
480 2833 641 2874 purum
665 2820 856 2861 verticem
878 2820 976 2861 coelo
995 2821 1092 2862 tulit

251 2891 292 2926 et
309 2900 515 2927 summam
535 2886 582 2926 in
601 2900 735 2928 auras
736 2887 881 2942 fimus
901 2887 1101 2944 eoepliwit
1120 2903 1290 2940 comam,

833 2968 858 2994 κ
885 2967 908 2995 2
