<?xml version="1.0" encoding="UTF-8"?>
<!DOCTYPE html PUBLIC "-//W3C//DTD XHTML 1.0 Transitional//EN"
    "http://www.w3.org/TR/xhtml1/DTD/xhtml1-transitional.dtd">
<html xmlns="http://www.w3.org/1999/xhtml" xml:lang="en" lang="en">
 <head>
  <title>
</title>
<meta http-equiv="Content-Type" content="text/html;charset=utf-8" />
  <meta name='ocr-system' content='tesseract 3.04.00' />
  <meta name='ocr-capabilities' content='ocr_page ocr_carea ocr_par ocr_line ocrx_word'/>
</head>
<body>
  <div class='ocr_page' id='page_1' title='image "./tragoediaesupers02aescuoft_0146.png"; bbox 0 0 1898 3256; ppageno 0'>
   <div class='ocr_carea' id='block_1_1' title="bbox 342 223 1331 274">
    <p class='ocr_par' dir='ltr' id='par_1_1' title="bbox 342 223 1331 274">
     <span class='ocr_line' id='line_1_1' title="bbox 342 223 1331 274; baseline -0.001 -2"><span class='ocrx_word' id='word_1_1' title='bbox 342 234 427 274; x_wconf 77' lang='lat'>142</span> <span class='ocrx_word' id='word_1_2' title='bbox 638 269 641 271; x_wconf 72' lang='grc'><strong>,</strong></span> <span class='ocrx_word' id='word_1_3' title='bbox 819 223 1331 274; x_wconf 75' lang='lat' dir='ltr'><strong>ANNOTATIONES&#39;</strong></span> 
     </span>
    </p>
   </div>
   <div class='ocr_carea' id='block_1_2' title="bbox 342 338 1787 2987">
    <p class='ocr_par' dir='ltr' id='par_1_2' title="bbox 343 338 1777 464">
     <span class='ocr_line' id='line_1_2' title="bbox 405 338 1777 395; baseline -0.001 -13"><span class='ocrx_word' id='word_1_4' title='bbox 405 343 636 385; x_wconf 83' lang='lat'>118—121.</span> <span class='ocrx_word' id='word_1_5' title='bbox 660 343 811 383; x_wconf 88' lang='lat' dir='ltr'><strong>Versus</strong></span> <span class='ocrx_word' id='word_1_6' title='bbox 839 342 880 383; x_wconf 88' lang='lat' dir='ltr'>in</span> <span class='ocrx_word' id='word_1_7' title='bbox 908 342 1009 384; x_wconf 86' lang='lat' dir='ltr'>Ald.</span> <span class='ocrx_word' id='word_1_8' title='bbox 1030 342 1085 383; x_wconf 88' lang='lat' dir='ltr'>sic</span> <span class='ocrx_word' id='word_1_9' title='bbox 1114 341 1229 382; x_wconf 88' lang='lat' dir='ltr'>divisi</span> <span class='ocrx_word' id='word_1_10' title='bbox 1252 340 1399 382; x_wconf 82' lang='grc' dir='ltr'>ἀλλ’-</span> <span class='ocrx_word' id='word_1_11' title='bbox 1425 340 1431 394; x_wconf 90' lang='grc' dir='ltr'>Ι</span> <span class='ocrx_word' id='word_1_12' title='bbox 1456 340 1653 392; x_wconf 73' lang='grc' dir='ltr'>ἄρηξον-</span> <span class='ocrx_word' id='word_1_13' title='bbox 1677 339 1684 395; x_wconf 72' lang='lat' dir='ltr'>l</span> <span class='ocrx_word' id='word_1_14' title='bbox 1709 338 1777 380; x_wconf 90' lang='grc' dir='ltr'>πό-</span> 
     </span>
     <span class='ocr_line' id='line_1_3' title="bbox 343 408 913 464; baseline 0 -14"><span class='ocrx_word' id='word_1_15' title='bbox 343 415 525 461; x_wconf 85' lang='grc' dir='ltr'>λισμα-</span> <span class='ocrx_word' id='word_1_16' title='bbox 549 411 557 464; x_wconf 84' lang='grc' dir='ltr'>Ι</span> <span class='ocrx_word' id='word_1_17' title='bbox 583 408 913 462; x_wconf 87' lang='grc' dir='ltr'>φόβος-ὅπλων.</span> 
     </span>
    </p>

    <p class='ocr_par' dir='ltr' id='par_1_3' title="bbox 342 471 1782 730">
     <span class='ocr_line' id='line_1_4' title="bbox 405 471 1782 529; baseline -0.004 -13"><span class='ocrx_word' id='word_1_18' title='bbox 405 477 497 517; x_wconf 84' lang='lat'>118.</span> <span class='ocrx_word' id='word_1_19' title='bbox 519 475 607 516; x_wconf 83' lang='grc' dir='ltr'>ἀλλ’</span> <span class='ocrx_word' id='word_1_20' title='bbox 629 475 659 516; x_wconf 73' lang='grc' dir='ltr'>ὦ</span> <span class='ocrx_word' id='word_1_21' title='bbox 681 479 758 517; x_wconf 84' lang='grc' dir='ltr'>Ζεῦ</span> <span class='ocrx_word' id='word_1_22' title='bbox 777 476 897 528; x_wconf 87' lang='grc' dir='ltr'>πάτερ</span> <span class='ocrx_word' id='word_1_23' title='bbox 917 477 1125 529; x_wconf 80' lang='grc' dir='ltr'>παντελὲς]</span> <span class='ocrx_word' id='word_1_24' title='bbox 1160 474 1244 515; x_wconf 90' lang='lat' dir='ltr'>Hic</span> <span class='ocrx_word' id='word_1_25' title='bbox 1265 488 1406 514; x_wconf 83' lang='lat' dir='ltr'>versus</span> <span class='ocrx_word' id='word_1_26' title='bbox 1431 483 1477 513; x_wconf 86' lang='lat' dir='ltr'>ut</span> <span class='ocrx_word' id='word_1_27' title='bbox 1498 487 1606 513; x_wconf 88' lang='lat' dir='ltr'>nunc</span> <span class='ocrx_word' id='word_1_28' title='bbox 1634 471 1782 526; x_wconf 80' lang='lat' dir='ltr'>legitur</span> 
     </span>
     <span class='ocr_line' id='line_1_5' title="bbox 342 539 1779 583; baseline -0.003 0"><span class='ocrx_word' id='word_1_29' title='bbox 342 551 417 582; x_wconf 85' lang='lat' dir='ltr'>aut</span> <span class='ocrx_word' id='word_1_30' title='bbox 435 557 486 582; x_wconf 86' lang='lat' dir='ltr'>ex</span> <span class='ocrx_word' id='word_1_31' title='bbox 515 542 688 583; x_wconf 86' lang='lat' dir='ltr'>molosso</span> <span class='ocrx_word' id='word_1_32' title='bbox 709 552 748 583; x_wconf 89' lang='lat' dir='ltr'>et</span> <span class='ocrx_word' id='word_1_33' title='bbox 770 542 959 583; x_wconf 88' lang='lat' dir='ltr'>dochmio</span> <span class='ocrx_word' id='word_1_34' title='bbox 978 551 1050 582; x_wconf 91' lang='lat' dir='ltr'>aut</span> <span class='ocrx_word' id='word_1_35' title='bbox 1080 557 1130 582; x_wconf 88' lang='lat' dir='ltr'>ex</span> <span class='ocrx_word' id='word_1_36' title='bbox 1157 540 1347 582; x_wconf 90' lang='lat' dir='ltr'>dochmio</span> <span class='ocrx_word' id='word_1_37' title='bbox 1366 549 1406 580; x_wconf 80' lang='lat' dir='ltr'>et</span> <span class='ocrx_word' id='word_1_38' title='bbox 1426 539 1574 580; x_wconf 86' lang='lat' dir='ltr'>cretico</span> <span class='ocrx_word' id='word_1_39' title='bbox 1593 547 1653 579; x_wconf 91' lang='lat' dir='ltr'>est</span> <span class='ocrx_word' id='word_1_40' title='bbox 1671 553 1779 578; x_wconf 88' lang='lat' dir='ltr'>com·</span> 
     </span>
     <span class='ocr_line' id='line_1_6' title="bbox 343 605 1782 663; baseline -0.003 -15"><span class='ocrx_word' id='word_1_41' title='bbox 343 608 514 662; x_wconf 87' lang='lat' dir='ltr'>positus.</span> <span class='ocrx_word' id='word_1_42' title='bbox 546 609 731 658; x_wconf 84' lang='lat' dir='ltr'>Quorum</span> <span class='ocrx_word' id='word_1_43' title='bbox 752 623 883 663; x_wconf 91' lang='lat' dir='ltr'>quum</span> <span class='ocrx_word' id='word_1_44' title='bbox 902 617 1092 648; x_wconf 87' lang='lat' dir='ltr'>neutrum</span> <span class='ocrx_word' id='word_1_45' title='bbox 1115 607 1209 647; x_wconf 89' lang='lat' dir='ltr'>satis</span> <span class='ocrx_word' id='word_1_46' title='bbox 1228 605 1439 662; x_wconf 84' lang='lat' dir='ltr'>probabile</span> <span class='ocrx_word' id='word_1_47' title='bbox 1462 605 1659 655; x_wconf 87' lang='lat' dir='ltr'>videatur,</span> <span class='ocrx_word' id='word_1_48' title='bbox 1679 605 1782 645; x_wconf 89' lang='lat' dir='ltr'>duas</span> 
     </span>
     <span class='ocr_line' id='line_1_7' title="bbox 345 672 1450 730; baseline 0 -17"><span class='ocrx_word' id='word_1_49' title='bbox 345 673 520 730; x_wconf 81' lang='lat' dir='ltr'>syllabas</span> <span class='ocrx_word' id='word_1_50' title='bbox 540 674 735 715; x_wconf 85' lang='lat' dir='ltr'>excidisse</span> <span class='ocrx_word' id='word_1_51' title='bbox 756 675 951 729; x_wconf 87' lang='lat' dir='ltr'>suspicor,</span> <span class='ocrx_word' id='word_1_52' title='bbox 974 674 1057 715; x_wconf 90' lang='lat' dir='ltr'>sive</span> <span class='ocrx_word' id='word_1_53' title='bbox 1077 673 1132 715; x_wconf 91' lang='lat' dir='ltr'>sic</span> <span class='ocrx_word' id='word_1_54' title='bbox 1152 672 1310 729; x_wconf 83' lang='lat' dir='ltr'>scripsit</span> <span class='ocrx_word' id='word_1_55' title='bbox 1329 682 1450 729; x_wconf 84' lang='lat' dir='ltr'>poeta</span> 
     </span>
    </p>

    <p class='ocr_par' dir='ltr' id='par_1_4' title="bbox 346 740 1324 847">
     <span class='ocr_line' id='line_1_8' title="bbox 571 740 1324 794; baseline 0.001 -13"><span class='ocrx_word' id='word_1_56' title='bbox 571 740 661 781; x_wconf 85' lang='grc' dir='ltr'>ἀλλ’</span> <span class='ocrx_word' id='word_1_57' title='bbox 684 740 713 781; x_wconf 76' lang='grc' dir='ltr'><em>ὦ</em></span> <span class='ocrx_word' id='word_1_58' title='bbox 734 744 811 781; x_wconf 85' lang='grc' dir='ltr'>Ζεῦ</span> <span class='ocrx_word' id='word_1_59' title='bbox 830 741 963 793; x_wconf 87' lang='grc' dir='ltr'>πάτερ,</span> <span class='ocrx_word' id='word_1_60' title='bbox 983 741 1103 794; x_wconf 87' lang='grc' dir='ltr'>πάτερ</span> <span class='ocrx_word' id='word_1_61' title='bbox 1123 742 1324 790; x_wconf 77' lang='grc' dir='ltr'>παντελὲς,</span> 
     </span>
     <span class='ocr_line' id='line_1_9' title="bbox 346 806 578 847; baseline 0 0"><span class='ocrx_word' id='word_1_62' title='bbox 346 807 430 847; x_wconf 88' lang='lat' dir='ltr'>sive</span> <span class='ocrx_word' id='word_1_63' title='bbox 448 806 578 847; x_wconf 89' lang='lat' dir='ltr'>aliter.</span> 
     </span>
    </p>

    <p class='ocr_par' dir='ltr' id='par_1_5' title="bbox 344 871 1782 1180">
     <span class='ocr_line' id='line_1_10' title="bbox 401 871 1778 928; baseline -0.001 -15"><span class='ocrx_word' id='word_1_64' title='bbox 401 873 612 928; x_wconf 83' lang='grc' dir='ltr'>παντελὲς]</span> <span class='ocrx_word' id='word_1_65' title='bbox 645 874 728 923; x_wconf 85' lang='lat' dir='ltr'>Qui</span> <span class='ocrx_word' id='word_1_66' title='bbox 757 873 914 913; x_wconf 87' lang='lat' dir='ltr'>exitum</span> <span class='ocrx_word' id='word_1_67' title='bbox 945 873 1127 914; x_wconf 88' lang='lat' dir='ltr'>omnium</span> <span class='ocrx_word' id='word_1_68' title='bbox 1160 888 1295 914; x_wconf 90' lang='lat' dir='ltr'>rerum</span> <span class='ocrx_word' id='word_1_69' title='bbox 1323 873 1364 913; x_wconf 88' lang='lat' dir='ltr'>in</span> <span class='ocrx_word' id='word_1_70' title='bbox 1396 882 1594 928; x_wconf 85' lang='lat' dir='ltr'>potestate</span> <span class='ocrx_word' id='word_1_71' title='bbox 1627 871 1778 918; x_wconf 84' lang='lat' dir='ltr'>habes;</span> 
     </span>
     <span class='ocr_line' id='line_1_11' title="bbox 344 938 1780 995; baseline 0 -15"><span class='ocrx_word' id='word_1_72' title='bbox 344 939 417 995; x_wconf 90' lang='lat' dir='ltr'>qui</span> <span class='ocrx_word' id='word_1_73' title='bbox 437 940 572 980; x_wconf 89' lang='lat' dir='ltr'>omnia</span> <span class='ocrx_word' id='word_1_74' title='bbox 592 939 755 995; x_wconf 85' lang='lat' dir='ltr'>inspicis</span> <span class='ocrx_word' id='word_1_75' title='bbox 775 948 815 980; x_wconf 89' lang='lat' dir='ltr'>et</span> <span class='ocrx_word' id='word_1_76' title='bbox 835 939 1103 980; x_wconf 88' lang='lat' dir='ltr'>administras.</span> <span class='ocrx_word' id='word_1_77' title='bbox 1135 939 1319 995; x_wconf 86' lang='lat' dir='ltr'>Hesych.</span> <span class='ocrx_word' id='word_1_78' title='bbox 1342 939 1561 989; x_wconf 88' lang='grc' dir='ltr'>Παντελής·</span> <span class='ocrx_word' id='word_1_79' title='bbox 1592 938 1780 989; x_wconf 83' lang='grc' dir='ltr'>ὁλοτελὴς</span> 
     </span>
     <span class='ocr_line' id='line_1_12' title="bbox 348 1003 1781 1060; baseline -0.002 -14"><span class='ocrx_word' id='word_1_80' title='bbox 348 1006 408 1047; x_wconf 79' lang='grc' dir='ltr'>καὶ</span> <span class='ocrx_word' id='word_1_81' title='bbox 443 1005 723 1057; x_wconf 81' lang='grc' dir='ltr'>παντεποπτής.</span> <span class='ocrx_word' id='word_1_82' title='bbox 766 1008 787 1046; x_wconf 87' lang='grc' dir='ltr'>ὁ</span> <span class='ocrx_word' id='word_1_83' title='bbox 827 1005 955 1047; x_wconf 84' lang='grc' dir='ltr'>πάντα</span> <span class='ocrx_word' id='word_1_84' title='bbox 994 1011 1178 1059; x_wconf 85' lang='grc' dir='ltr'>καθορῶν.</span> <span class='ocrx_word' id='word_1_85' title='bbox 1239 1007 1306 1046; x_wconf 86' lang='lat' dir='ltr'>Ita</span> <span class='ocrx_word' id='word_1_86' title='bbox 1343 1015 1484 1060; x_wconf 85' lang='lat' dir='ltr'>postea</span> <span class='ocrx_word' id='word_1_87' title='bbox 1522 1021 1561 1044; x_wconf 93' lang='lat' dir='ltr'>v.</span> <span class='ocrx_word' id='word_1_88' title='bbox 1595 1006 1690 1044; x_wconf 88' lang='lat'>260.</span> <span class='ocrx_word' id='word_1_89' title='bbox 1724 1003 1781 1043; x_wconf 64' lang='lat'>⁹52</span> 
     </span>
     <span class='ocr_line' id='line_1_13' title="bbox 345 1070 1782 1126; baseline -0.001 -14"><span class='ocrx_word' id='word_1_90' title='bbox 345 1073 563 1124; x_wconf 81' lang='grc' dir='ltr'>παγκρατὲς</span> <span class='ocrx_word' id='word_1_91' title='bbox 585 1075 673 1112; x_wconf 82' lang='grc' dir='ltr'>Ζεῦ.</span> <span class='ocrx_word' id='word_1_92' title='bbox 700 1073 918 1113; x_wconf 85' lang='lat' dir='ltr'>STANL.</span> <span class='ocrx_word' id='word_1_93' title='bbox 963 1072 1058 1115; x_wconf 89' lang='grc' dir='ltr'>Διὸς</span> <span class='ocrx_word' id='word_1_94' title='bbox 1076 1074 1227 1113; x_wconf 83' lang='grc' dir='ltr'>τελείου</span> <span class='ocrx_word' id='word_1_95' title='bbox 1248 1086 1393 1112; x_wconf 89' lang='lat' dir='ltr'>nomen</span> <span class='ocrx_word' id='word_1_96' title='bbox 1414 1080 1623 1126; x_wconf 84' lang='lat' dir='ltr'>comparat</span> <span class='ocrx_word' id='word_1_97' title='bbox 1643 1070 1782 1111; x_wconf 93' lang='lat' dir='ltr'>Blom-</span> 
     </span>
     <span class='ocr_line' id='line_1_14' title="bbox 348 1139 509 1180; baseline 0.006 -2"><span class='ocrx_word' id='word_1_98' title='bbox 348 1139 509 1180; x_wconf 82' lang='lat' dir='ltr'>fieldus.</span> 
     </span>
    </p>

    <p class='ocr_par' dir='ltr' id='par_1_6' title="bbox 409 1205 1212 1262">
     <span class='ocr_line' id='line_1_15' title="bbox 409 1205 1212 1262; baseline 0.001 -17"><span class='ocrx_word' id='word_1_99' title='bbox 409 1219 426 1245; x_wconf 94' lang='lat'>1</span> <span class='ocrx_word' id='word_1_100' title='bbox 438 1219 499 1260; x_wconf 87' lang='lat'>19.</span> <span class='ocrx_word' id='word_1_101' title='bbox 522 1206 682 1262; x_wconf 81' lang='grc' dir='ltr'>ἄρηξον]</span> <span class='ocrx_word' id='word_1_102' title='bbox 707 1205 896 1258; x_wconf 76' lang='grc' dir='ltr'>ἐπάρηξον</span> <span class='ocrx_word' id='word_1_103' title='bbox 915 1205 1071 1261; x_wconf 80' lang='lat' dir='ltr'>aliquot</span> <span class='ocrx_word' id='word_1_104' title='bbox 1090 1205 1212 1246; x_wconf 88' lang='lat' dir='ltr'>codd.</span> 
     </span>
    </p>

    <p class='ocr_par' dir='ltr' id='par_1_7' title="bbox 412 1272 1170 1328">
     <span class='ocr_line' id='line_1_16' title="bbox 412 1272 1170 1328; baseline 0 -16"><span class='ocrx_word' id='word_1_105' title='bbox 412 1285 500 1315; x_wconf 84' lang='lat'>120.</span> <span class='ocrx_word' id='word_1_106' title='bbox 523 1273 617 1326; x_wconf 80' lang='grc' dir='ltr'>γὰρ]</span> <span class='ocrx_word' id='word_1_107' title='bbox 643 1274 684 1313; x_wconf 82' lang='grc' dir='ltr'>δὲ</span> <span class='ocrx_word' id='word_1_108' title='bbox 705 1272 1024 1328; x_wconf 85' lang='lat' dir='ltr'>superscriptum</span> <span class='ocrx_word' id='word_1_109' title='bbox 1045 1272 1085 1312; x_wconf 89' lang='lat' dir='ltr'>in</span> <span class='ocrx_word' id='word_1_110' title='bbox 1104 1273 1170 1312; x_wconf 93' lang='lat' dir='ltr'>M.</span> 
     </span>
    </p>

    <p class='ocr_par' dir='ltr' id='par_1_8' title="bbox 408 1338 1043 1393">
     <span class='ocr_line' id='line_1_17' title="bbox 408 1338 1043 1393; baseline 0.003 -14"><span class='ocrx_word' id='word_1_111' title='bbox 408 1352 502 1380; x_wconf 85' lang='lat'>121.</span> <span class='ocrx_word' id='word_1_112' title='bbox 523 1338 574 1393; x_wconf 88' lang='grc' dir='ltr'>δ’]</span> <span class='ocrx_word' id='word_1_113' title='bbox 598 1341 672 1391; x_wconf 79' lang='grc' dir='ltr'>γὰρ</span> <span class='ocrx_word' id='word_1_114' title='bbox 694 1340 861 1380; x_wconf 87' lang='lat' dir='ltr'>Barocc.</span> <span class='ocrx_word' id='word_1_115' title='bbox 881 1348 922 1380; x_wconf 85' lang='lat' dir='ltr'>et</span> <span class='ocrx_word' id='word_1_116' title='bbox 943 1338 1043 1381; x_wconf 87' lang='lat' dir='ltr'>Ald.</span> 
     </span>
    </p>

    <p class='ocr_par' dir='ltr' id='par_1_9' title="bbox 349 1404 1783 1595">
     <span class='ocr_line' id='line_1_18' title="bbox 405 1404 1782 1460; baseline -0.001 -14"><span class='ocrx_word' id='word_1_117' title='bbox 405 1406 544 1458; x_wconf 86' lang='grc' dir='ltr'>ἀρείων</span> <span class='ocrx_word' id='word_1_118' title='bbox 565 1405 843 1446; x_wconf 86' lang='lat' dir='ltr'>Blomfieldus.</span> <span class='ocrx_word' id='word_1_119' title='bbox 879 1405 1021 1458; x_wconf 81' lang='grc' dir='ltr'>ἀρηΐων</span> <span class='ocrx_word' id='word_1_120' title='bbox 1040 1405 1146 1455; x_wconf 86' lang='lat' dir='ltr'>libri,</span> <span class='ocrx_word' id='word_1_121' title='bbox 1167 1404 1241 1446; x_wconf 90' lang='lat' dir='ltr'>nisi</span> <span class='ocrx_word' id='word_1_122' title='bbox 1262 1404 1374 1460; x_wconf 90' lang='lat' dir='ltr'>quod</span> <span class='ocrx_word' id='word_1_123' title='bbox 1403 1405 1498 1455; x_wconf 84' lang='grc' dir='ltr'>ἠϊών</span> <span class='ocrx_word' id='word_1_124' title='bbox 1518 1412 1670 1460; x_wconf 89' lang='lat' dir='ltr'>puncto</span> <span class='ocrx_word' id='word_1_125' title='bbox 1689 1413 1782 1458; x_wconf 89' lang='lat' dir='ltr'>post</span> 
     </span>
     <span class='ocr_line' id='line_1_19' title="bbox 350 1470 1783 1527; baseline -0.001 -15"><span class='ocrx_word' id='word_1_126' title='bbox 350 1472 426 1512; x_wconf 89' lang='lat' dir='ltr'>hoc</span> <span class='ocrx_word' id='word_1_127' title='bbox 459 1471 704 1512; x_wconf 82' lang='lat' dir='ltr'>vocabulum</span> <span class='ocrx_word' id='word_1_128' title='bbox 735 1472 868 1527; x_wconf 86' lang='lat' dir='ltr'>posito</span> <span class='ocrx_word' id='word_1_129' title='bbox 898 1472 999 1514; x_wconf 86' lang='lat' dir='ltr'>Ald.</span> <span class='ocrx_word' id='word_1_130' title='bbox 1029 1482 1069 1513; x_wconf 89' lang='lat' dir='ltr'>et</span> <span class='ocrx_word' id='word_1_131' title='bbox 1101 1473 1266 1525; x_wconf 88' lang='grc' dir='ltr'>ἀργείων</span> <span class='ocrx_word' id='word_1_132' title='bbox 1301 1473 1439 1526; x_wconf 91' lang='lat' dir='ltr'>Mosq.</span> <span class='ocrx_word' id='word_1_133' title='bbox 1467 1470 1680 1520; x_wconf 89' lang='lat' dir='ltr'>secundus,</span> <span class='ocrx_word' id='word_1_134' title='bbox 1713 1470 1783 1510; x_wconf 76' lang='lat' dir='ltr'>ad-</span> 
     </span>
     <span class='ocr_line' id='line_1_20' title="bbox 349 1538 833 1595; baseline -0.002 -15"><span class='ocrx_word' id='word_1_135' title='bbox 349 1539 500 1595; x_wconf 87' lang='lat' dir='ltr'>scripto</span> <span class='ocrx_word' id='word_1_136' title='bbox 521 1549 654 1579; x_wconf 86' lang='lat' dir='ltr'>tamen</span> <span class='ocrx_word' id='word_1_137' title='bbox 676 1538 833 1591; x_wconf 82' lang='grc' dir='ltr'>ἀρηΐων.</span> 
     </span>
    </p>

    <p class='ocr_par' dir='ltr' id='par_1_10' title="bbox 349 1603 1785 1859">
     <span class='ocr_line' id='line_1_21' title="bbox 411 1603 1783 1659; baseline -0.004 -13"><span class='ocrx_word' id='word_1_138' title='bbox 411 1618 503 1647; x_wconf 78' lang='grc'><strong>122.</strong></span> <span class='ocrx_word' id='word_1_139' title='bbox 537 1605 702 1646; x_wconf 84' lang='grc' dir='ltr'>διάδετοι</span> <span class='ocrx_word' id='word_1_140' title='bbox 722 1604 765 1645; x_wconf 88' lang='grc' dir='ltr'>δέ</span> <span class='ocrx_word' id='word_1_141' title='bbox 782 1621 841 1645; x_wconf 86' lang='grc' dir='ltr'>τοι</span> <span class='ocrx_word' id='word_1_142' title='bbox 861 1606 918 1658; x_wconf 77' lang='lat' dir='ltr'>y]</span> <span class='ocrx_word' id='word_1_143' title='bbox 956 1604 1074 1645; x_wconf 82' lang='lat' dir='ltr'>Libri</span> <span class='ocrx_word' id='word_1_144' title='bbox 1103 1603 1249 1659; x_wconf 84' lang='lat' dir='ltr'>partim</span> <span class='ocrx_word' id='word_1_145' title='bbox 1272 1603 1437 1645; x_wconf 88' lang='grc' dir='ltr'>διάὸετοι</span> <span class='ocrx_word' id='word_1_146' title='bbox 1456 1620 1495 1656; x_wconf 89' lang='grc' dir='ltr'>γ.</span> <span class='ocrx_word' id='word_1_147' title='bbox 1516 1617 1608 1643; x_wconf 87' lang='lat' dir='ltr'>cum</span> <span class='ocrx_word' id='word_1_148' title='bbox 1633 1603 1783 1651; x_wconf 62' lang='lat' dir='ltr'>Turn„</span> 
     </span>
     <span class='ocr_line' id='line_1_22' title="bbox 349 1669 1785 1727; baseline -0.003 -14"><span class='ocrx_word' id='word_1_149' title='bbox 349 1672 497 1727; x_wconf 85' lang='lat' dir='ltr'>partim</span> <span class='ocrx_word' id='word_1_150' title='bbox 519 1674 580 1712; x_wconf 81' lang='grc' dir='ltr'>διὰ</span> <span class='ocrx_word' id='word_1_151' title='bbox 601 1671 644 1711; x_wconf 89' lang='grc' dir='ltr'>δέ</span> <span class='ocrx_word' id='word_1_152' title='bbox 664 1688 723 1712; x_wconf 89' lang='grc' dir='ltr'>τοι</span> <span class='ocrx_word' id='word_1_153' title='bbox 747 1689 786 1724; x_wconf 92' lang='grc' dir='ltr'>γ.</span> <span class='ocrx_word' id='word_1_154' title='bbox 806 1686 899 1712; x_wconf 90' lang='lat' dir='ltr'>cum</span> <span class='ocrx_word' id='word_1_155' title='bbox 922 1671 1022 1712; x_wconf 92' lang='lat' dir='ltr'>Ald.</span> <span class='ocrx_word' id='word_1_156' title='bbox 1066 1670 1235 1712; x_wconf 87' lang='grc' dir='ltr'>διάδετοί</span> <span class='ocrx_word' id='word_1_157' title='bbox 1259 1686 1301 1711; x_wconf 84' lang='grc' dir='ltr'>τε</span> <span class='ocrx_word' id='word_1_158' title='bbox 1329 1687 1367 1723; x_wconf 88' lang='grc' dir='ltr'>γ.</span> <span class='ocrx_word' id='word_1_159' title='bbox 1389 1670 1497 1711; x_wconf 88' lang='lat' dir='ltr'>Rob.</span> <span class='ocrx_word' id='word_1_160' title='bbox 1558 1669 1611 1709; x_wconf 91' lang='lat' dir='ltr'>In</span> <span class='ocrx_word' id='word_1_161' title='bbox 1637 1669 1703 1709; x_wconf 91' lang='lat' dir='ltr'>M.</span> <span class='ocrx_word' id='word_1_162' title='bbox 1724 1678 1785 1708; x_wconf 86' lang='lat' dir='ltr'>est</span> 
     </span>
     <span class='ocr_line' id='line_1_23' title="bbox 350 1735 1783 1794; baseline -0.003 -16"><span class='ocrx_word' id='word_1_163' title='bbox 350 1738 517 1779; x_wconf 87' lang='grc' dir='ltr'>διαδέτοι</span> <span class='ocrx_word' id='word_1_164' title='bbox 536 1755 575 1791; x_wconf 90' lang='grc' dir='ltr'>γ.</span> <span class='ocrx_word' id='word_1_165' title='bbox 596 1737 801 1794; x_wconf 86' lang='lat' dir='ltr'>adscripto</span> <span class='ocrx_word' id='word_1_166' title='bbox 820 1737 860 1777; x_wconf 89' lang='lat' dir='ltr'>in</span> <span class='ocrx_word' id='word_1_167' title='bbox 882 1737 1064 1793; x_wconf 85' lang='lat' dir='ltr'>margine</span> <span class='ocrx_word' id='word_1_168' title='bbox 1082 1738 1135 1778; x_wconf 93' lang='lat' dir='ltr'>ab</span> <span class='ocrx_word' id='word_1_169' title='bbox 1153 1737 1232 1778; x_wconf 89' lang='lat' dir='ltr'>alia</span> <span class='ocrx_word' id='word_1_170' title='bbox 1251 1752 1373 1777; x_wconf 86' lang='lat' dir='ltr'>manu</span> <span class='ocrx_word' id='word_1_171' title='bbox 1395 1736 1501 1778; x_wconf 85' lang='grc' dir='ltr'>διάδε</span> <span class='ocrx_word' id='word_1_172' title='bbox 1519 1752 1590 1777; x_wconf 88' lang='grc' dir='ltr'>τοι.</span> <span class='ocrx_word' id='word_1_173' title='bbox 1631 1736 1699 1775; x_wconf 86' lang='lat' dir='ltr'>Ex</span> <span class='ocrx_word' id='word_1_174' title='bbox 1722 1735 1783 1775; x_wconf 88' lang='lat' dir='ltr'>his</span> 
     </span>
     <span class='ocr_line' id='line_1_24' title="bbox 350 1801 1740 1859; baseline -0.002 -15"><span class='ocrx_word' id='word_1_175' title='bbox 350 1819 430 1844; x_wconf 88' lang='lat' dir='ltr'>non</span> <span class='ocrx_word' id='word_1_176' title='bbox 451 1804 612 1845; x_wconf 88' lang='lat' dir='ltr'>difficile</span> <span class='ocrx_word' id='word_1_177' title='bbox 630 1804 712 1845; x_wconf 85' lang='lat' dir='ltr'>fuit</span> <span class='ocrx_word' id='word_1_178' title='bbox 730 1819 867 1845; x_wconf 87' lang='lat' dir='ltr'>veram</span> <span class='ocrx_word' id='word_1_179' title='bbox 889 1803 1099 1845; x_wconf 83' lang='lat' dir='ltr'>restituere</span> <span class='ocrx_word' id='word_1_180' title='bbox 1119 1804 1357 1859; x_wconf 83' lang='lat' dir='ltr'>scripturam</span> <span class='ocrx_word' id='word_1_181' title='bbox 1380 1802 1544 1844; x_wconf 86' lang='grc' dir='ltr'>διάδετοι</span> <span class='ocrx_word' id='word_1_182' title='bbox 1563 1801 1606 1842; x_wconf 91' lang='grc' dir='ltr'>δέ</span> <span class='ocrx_word' id='word_1_183' title='bbox 1625 1818 1683 1842; x_wconf 88' lang='grc' dir='ltr'>τοι</span> <span class='ocrx_word' id='word_1_184' title='bbox 1701 1819 1740 1853; x_wconf 93' lang='grc' dir='ltr'>γ.</span> 
     </span>
    </p>

    <p class='ocr_par' dir='ltr' id='par_1_11' title="bbox 349 1867 1784 2125">
     <span class='ocr_line' id='line_1_25' title="bbox 406 1867 1782 1926; baseline -0.003 -15"><span class='ocrx_word' id='word_1_185' title='bbox 406 1872 574 1925; x_wconf 83' lang='grc' dir='ltr'>γενύων]</span> <span class='ocrx_word' id='word_1_186' title='bbox 599 1870 860 1926; x_wconf 87' lang='lat' dir='ltr'>Disyllabum</span> <span class='ocrx_word' id='word_1_187' title='bbox 880 1879 965 1911; x_wconf 84' lang='lat' dir='ltr'>est:</span> <span class='ocrx_word' id='word_1_188' title='bbox 996 1886 1046 1911; x_wconf 88' lang='lat' dir='ltr'>ex</span> <span class='ocrx_word' id='word_1_189' title='bbox 1068 1886 1151 1926; x_wconf 94' lang='lat' dir='ltr'>quo</span> <span class='ocrx_word' id='word_1_190' title='bbox 1171 1870 1355 1925; x_wconf 89' lang='lat' dir='ltr'>sequitur</span> <span class='ocrx_word' id='word_1_191' title='bbox 1373 1872 1490 1922; x_wconf 84' lang='grc' dir='ltr'>γενῦν</span> <span class='ocrx_word' id='word_1_192' title='bbox 1509 1883 1593 1909; x_wconf 89' lang='lat' dir='ltr'>esse</span> <span class='ocrx_word' id='word_1_193' title='bbox 1608 1867 1782 1908; x_wconf 88' lang='lat' dir='ltr'>scriben-</span> 
     </span>
     <span class='ocr_line' id='line_1_26' title="bbox 349 1934 1784 1992; baseline -0.002 -15"><span class='ocrx_word' id='word_1_194' title='bbox 349 1936 463 1987; x_wconf 87' lang='lat' dir='ltr'>dum,</span> <span class='ocrx_word' id='word_1_195' title='bbox 504 1936 851 1992; x_wconf 86' lang='lat' dir='ltr'>quemadmodum</span> <span class='ocrx_word' id='word_1_196' title='bbox 900 1937 1056 1990; x_wconf 91' lang='grc' dir='ltr'>Ἐρινΰν</span> <span class='ocrx_word' id='word_1_197' title='bbox 1093 1952 1170 1992; x_wconf 86' lang='lat' dir='ltr'>pro</span> <span class='ocrx_word' id='word_1_198' title='bbox 1206 1936 1394 1989; x_wconf 82' lang='grc' dir='ltr'>Ἐρινύων</span> <span class='ocrx_word' id='word_1_199' title='bbox 1429 1934 1643 1990; x_wconf 86' lang='lat' dir='ltr'>aliquoties</span> <span class='ocrx_word' id='word_1_200' title='bbox 1679 1934 1784 1975; x_wconf 87' lang='lat' dir='ltr'>dixit</span> 
     </span>
     <span class='ocr_line' id='line_1_27' title="bbox 350 2000 1784 2058; baseline -0.002 -15"><span class='ocrx_word' id='word_1_201' title='bbox 350 2003 584 2058; x_wconf 59' lang='lat' dir='ltr'>Euripidem,</span> <span class='ocrx_word' id='word_1_202' title='bbox 605 2003 657 2044; x_wconf 91' lang='lat' dir='ltr'>de</span> <span class='ocrx_word' id='word_1_203' title='bbox 686 2018 770 2058; x_wconf 93' lang='lat' dir='ltr'>quo</span> <span class='ocrx_word' id='word_1_204' title='bbox 791 2018 828 2044; x_wconf 96' lang='lat' dir='ltr'>v.</span> <span class='ocrx_word' id='word_1_205' title='bbox 856 2003 910 2044; x_wconf 84' lang='lat' dir='ltr'>ad</span> <span class='ocrx_word' id='word_1_206' title='bbox 942 2003 1080 2058; x_wconf 87' lang='lat' dir='ltr'>Iphig.</span> <span class='ocrx_word' id='word_1_207' title='bbox 1104 2004 1156 2043; x_wconf 91' lang='lat' dir='ltr'>T.</span> <span class='ocrx_word' id='word_1_208' title='bbox 1180 2016 1274 2057; x_wconf 83' lang='lat'>931.</span> <span class='ocrx_word' id='word_1_209' title='bbox 1324 2002 1481 2043; x_wconf 87' lang='lat' dir='ltr'>Eadem</span> <span class='ocrx_word' id='word_1_210' title='bbox 1512 2000 1784 2042; x_wconf 86' lang='lat' dir='ltr'>contractione</span> 
     </span>
     <span class='ocr_line' id='line_1_28' title="bbox 351 2069 1035 2125; baseline -0.001 -15"><span class='ocrx_word' id='word_1_211' title='bbox 351 2069 482 2110; x_wconf 83' lang='lat' dir='ltr'>utitur</span> <span class='ocrx_word' id='word_1_212' title='bbox 505 2069 707 2109; x_wconf 84' lang='lat' dir='ltr'>Pindarus</span> <span class='ocrx_word' id='word_1_213' title='bbox 728 2069 854 2125; x_wconf 90' lang='lat' dir='ltr'>Pyth.</span> <span class='ocrx_word' id='word_1_214' title='bbox 874 2083 917 2121; x_wconf 88' lang='lat'>4,</span> <span class='ocrx_word' id='word_1_215' title='bbox 938 2082 1035 2120; x_wconf 87' lang='lat'>401.</span> 
     </span>
    </p>

    <p class='ocr_par' dir='ltr' id='par_1_12' title="bbox 352 2133 1785 2254">
     <span class='ocr_line' id='line_1_29' title="bbox 408 2133 1785 2188; baseline -0.001 -13"><span class='ocrx_word' id='word_1_216' title='bbox 408 2135 469 2175; x_wconf 88' lang='grc' dir='ltr'>καὶ</span> <span class='ocrx_word' id='word_1_217' title='bbox 494 2133 605 2186; x_wconf 85' lang='grc' dir='ltr'>βόας,</span> <span class='ocrx_word' id='word_1_218' title='bbox 631 2135 669 2176; x_wconf 77' lang='grc' dir='ltr'>οἳ</span> <span class='ocrx_word' id='word_1_219' title='bbox 698 2134 815 2188; x_wconf 88' lang='grc' dir='ltr'>φλόγ’</span> <span class='ocrx_word' id='word_1_220' title='bbox 838 2135 913 2176; x_wconf 86' lang='grc' dir='ltr'>ἀπὸ</span> <span class='ocrx_word' id='word_1_221' title='bbox 942 2139 1087 2186; x_wconf 80' lang='grc' dir='ltr'>ξανθᾶν</span> <span class='ocrx_word' id='word_1_222' title='bbox 1115 2138 1232 2188; x_wconf 83' lang='grc' dir='ltr'>γενῦν</span> <span class='ocrx_word' id='word_1_223' title='bbox 1257 2139 1379 2176; x_wconf 87' lang='grc' dir='ltr'>πνεῦν</span> <span class='ocrx_word' id='word_1_224' title='bbox 1407 2135 1625 2186; x_wconf 88' lang='grc' dir='ltr'>καιομένοιο</span> <span class='ocrx_word' id='word_1_225' title='bbox 1653 2133 1785 2186; x_wconf 87' lang='grc' dir='ltr'>πυρός.</span> 
     </span>
     <span class='ocr_line' id='line_1_30' title="bbox 352 2201 716 2254; baseline -0.005 -11"><span class='ocrx_word' id='word_1_226' title='bbox 352 2201 423 2243; x_wconf 88' lang='lat' dir='ltr'>ubi</span> <span class='ocrx_word' id='word_1_227' title='bbox 443 2201 536 2242; x_wconf 86' lang='lat' dir='ltr'>libri</span> <span class='ocrx_word' id='word_1_228' title='bbox 555 2202 716 2254; x_wconf 81' lang='grc' dir='ltr'>γενύων.</span> 
     </span>
    </p>

    <p class='ocr_par' dir='ltr' id='par_1_13' title="bbox 411 2266 1489 2324">
     <span class='ocr_line' id='line_1_31' title="bbox 411 2266 1489 2324; baseline 0 -16"><span class='ocrx_word' id='word_1_229' title='bbox 411 2280 502 2322; x_wconf 83' lang='lat'>123.</span> <span class='ocrx_word' id='word_1_230' title='bbox 524 2266 669 2322; x_wconf 90' lang='grc' dir='ltr'>φόνον]</span> <span class='ocrx_word' id='word_1_231' title='bbox 693 2266 826 2320; x_wconf 85' lang='grc' dir='ltr'>φόβον</span> <span class='ocrx_word' id='word_1_232' title='bbox 845 2268 965 2308; x_wconf 89' lang='lat' dir='ltr'>codd.</span> <span class='ocrx_word' id='word_1_233' title='bbox 986 2268 1142 2324; x_wconf 84' lang='lat' dir='ltr'>aliquot</span> <span class='ocrx_word' id='word_1_234' title='bbox 1161 2278 1202 2309; x_wconf 90' lang='lat' dir='ltr'>et</span> <span class='ocrx_word' id='word_1_235' title='bbox 1223 2268 1332 2310; x_wconf 86' lang='lat' dir='ltr'>Rob.</span> <span class='ocrx_word' id='word_1_236' title='bbox 1354 2269 1489 2309; x_wconf 86' lang='lat' dir='ltr'>Turn.</span> 
     </span>
    </p>

    <p class='ocr_par' dir='ltr' id='par_1_14' title="bbox 351 2334 1787 2588">
     <span class='ocr_line' id='line_1_32' title="bbox 414 2334 1783 2389; baseline -0.001 -14"><span class='ocrx_word' id='word_1_237' title='bbox 414 2347 503 2386; x_wconf 84' lang='lat'>124.</span> <span class='ocrx_word' id='word_1_238' title='bbox 525 2334 728 2389; x_wconf 87' lang='grc' dir='ltr'>ἀγήνορες]</span> <span class='ocrx_word' id='word_1_239' title='bbox 749 2335 1110 2389; x_wconf 67' lang='lat' dir='ltr'>szionosi‚firtes.</span> <span class='ocrx_word' id='word_1_240' title='bbox 1149 2334 1366 2376; x_wconf 90' lang='lat' dir='ltr'>Schutzius</span> <span class='ocrx_word' id='word_1_241' title='bbox 1386 2334 1503 2375; x_wconf 89' lang='lat' dir='ltr'>vertit</span> <span class='ocrx_word' id='word_1_242' title='bbox 1525 2335 1644 2375; x_wconf 74' lang='lat' dir='ltr'>duces</span> <span class='ocrx_word' id='word_1_243' title='bbox 1665 2349 1783 2374; x_wconf 88' lang='lat' dir='ltr'>sensu</span> 
     </span>
     <span class='ocr_line' id='line_1_33' title="bbox 352 2401 1785 2456; baseline 0 -15"><span class='ocrx_word' id='word_1_244' title='bbox 352 2416 516 2456; x_wconf 84' lang='lat' dir='ltr'>prorsus</span> <span class='ocrx_word' id='word_1_245' title='bbox 536 2401 687 2456; x_wconf 87' lang='lat' dir='ltr'>ignoto.</span> <span class='ocrx_word' id='word_1_246' title='bbox 722 2401 902 2456; x_wconf 90' lang='lat' dir='ltr'>Hesych.</span> <span class='ocrx_word' id='word_1_247' title='bbox 922 2402 1096 2454; x_wconf 76' lang='grc' dir='ltr'>ἀγήνωρε</span> <span class='ocrx_word' id='word_1_248' title='bbox 1128 2401 1385 2454; x_wconf 82' lang='grc' dir='ltr'>ὑπερήφανος,</span> <span class='ocrx_word' id='word_1_249' title='bbox 1403 2401 1580 2451; x_wconf 81' lang='grc' dir='ltr'>αὐθάδης,</span> <span class='ocrx_word' id='word_1_250' title='bbox 1599 2402 1785 2453; x_wconf 85' lang='grc' dir='ltr'>ἀνδρεῖος.</span> 
     </span>
     <span class='ocr_line' id='line_1_34' title="bbox 353 2466 1787 2524; baseline -0.002 -15"><span class='ocrx_word' id='word_1_251' title='bbox 353 2469 580 2510; x_wconf 88' lang='lat' dir='ltr'><strong>BLOMF.</strong></span> <span class='ocrx_word' id='word_1_252' title='bbox 640 2467 852 2508; x_wconf 89' lang='lat' dir='ltr'>Dialectus</span> <span class='ocrx_word' id='word_1_253' title='bbox 881 2468 1074 2508; x_wconf 85' lang='lat' dir='ltr'>Doricam</span> <span class='ocrx_word' id='word_1_254' title='bbox 1103 2467 1283 2524; x_wconf 83' lang='lat' dir='ltr'>postulat</span> <span class='ocrx_word' id='word_1_255' title='bbox 1309 2468 1480 2507; x_wconf 86' lang='lat' dir='ltr'>formam</span> <span class='ocrx_word' id='word_1_256' title='bbox 1512 2466 1713 2519; x_wconf 80' lang='grc' dir='ltr'>ἀγάνορες,</span> <span class='ocrx_word' id='word_1_257' title='bbox 1740 2476 1787 2507; x_wconf 85' lang='lat' dir='ltr'>ut</span> 
     </span>
     <span class='ocr_line' id='line_1_35' title="bbox 351 2534 975 2588; baseline 0 -12"><span class='ocrx_word' id='word_1_258' title='bbox 351 2534 577 2588; x_wconf 87' lang='grc' dir='ltr'>ἀγανόρειος</span> <span class='ocrx_word' id='word_1_259' title='bbox 596 2534 699 2574; x_wconf 88' lang='lat' dir='ltr'>dixit</span> <span class='ocrx_word' id='word_1_260' title='bbox 721 2535 833 2575; x_wconf 88' lang='lat' dir='ltr'>Pers.</span> <span class='ocrx_word' id='word_1_261' title='bbox 855 2536 975 2576; x_wconf 87' lang='grc'><strong>1026.</strong></span> 
     </span>
    </p>

    <p class='ocr_par' dir='ltr' id='par_1_15' title="bbox 351 2598 1787 2720">
     <span class='ocr_line' id='line_1_36' title="bbox 407 2598 1787 2654; baseline -0.001 -12"><span class='ocrx_word' id='word_1_262' title='bbox 407 2601 638 2654; x_wconf 84' lang='grc' dir='ltr'>πρέποντες]</span> <span class='ocrx_word' id='word_1_263' title='bbox 690 2600 980 2652; x_wconf 88' lang='grc' dir='ltr'>προπέμπονται</span> <span class='ocrx_word' id='word_1_264' title='bbox 1029 2600 1138 2642; x_wconf 89' lang='lat' dir='ltr'>Rob.</span> <span class='ocrx_word' id='word_1_265' title='bbox 1203 2601 1416 2652; x_wconf 80' lang='grc' dir='ltr'>πρέποντες</span> <span class='ocrx_word' id='word_1_266' title='bbox 1456 2614 1548 2641; x_wconf 87' lang='lat' dir='ltr'>cum</span> <span class='ocrx_word' id='word_1_267' title='bbox 1589 2598 1787 2652; x_wconf 86' lang='grc' dir='ltr'>δορυσόοις</span> 
     </span>
     <span class='ocr_line' id='line_1_37' title="bbox 351 2666 846 2720; baseline -0.002 -13"><span class='ocrx_word' id='word_1_268' title='bbox 351 2667 493 2720; x_wconf 84' lang='grc' dir='ltr'>σάγαις</span> <span class='ocrx_word' id='word_1_269' title='bbox 513 2666 846 2708; x_wconf 88' lang='lat' dir='ltr'>construendum.</span> 
     </span>
    </p>

    <p class='ocr_par' dir='ltr' id='par_1_16' title="bbox 350 2731 1780 2853">
     <span class='ocr_line' id='line_1_38' title="bbox 412 2731 1780 2788; baseline -0.001 -15"><span class='ocrx_word' id='word_1_270' title='bbox 412 2743 503 2788; x_wconf 80' lang='lat'><strong>125.</strong></span> <span class='ocrx_word' id='word_1_271' title='bbox 537 2731 736 2785; x_wconf 86' lang='grc' dir='ltr'>δορυσόοις</span> <span class='ocrx_word' id='word_1_272' title='bbox 757 2732 953 2773; x_wconf 79' lang='lat' dir='ltr'>cantabr.</span> <span class='ocrx_word' id='word_1_273' title='bbox 973 2733 1176 2774; x_wconf 90' lang='lat' dir='ltr'>secundus</span> <span class='ocrx_word' id='word_1_274' title='bbox 1195 2743 1236 2774; x_wconf 89' lang='lat' dir='ltr'>et</span> <span class='ocrx_word' id='word_1_275' title='bbox 1261 2734 1445 2775; x_wconf 84' lang='lat' dir='ltr'>Thomas</span> <span class='ocrx_word' id='word_1_276' title='bbox 1468 2734 1531 2773; x_wconf 90' lang='lat' dir='ltr'>M.</span> <span class='ocrx_word' id='word_1_277' title='bbox 1563 2748 1603 2788; x_wconf 91' lang='lat' dir='ltr'>p.</span> <span class='ocrx_word' id='word_1_278' title='bbox 1632 2744 1720 2786; x_wconf 84' lang='lat'>133,</span> <span class='ocrx_word' id='word_1_279' title='bbox 1745 2742 1780 2784; x_wconf 91' lang='lat'>7.</span> 
     </span>
     <span class='ocr_line' id='line_1_39' title="bbox 350 2798 1045 2853; baseline -0.001 -13"><span class='ocrx_word' id='word_1_280' title='bbox 350 2800 413 2840; x_wconf 89' lang='lat' dir='ltr'>ed.</span> <span class='ocrx_word' id='word_1_281' title='bbox 436 2799 594 2840; x_wconf 86' lang='lat' dir='ltr'>Ritsch.</span> <span class='ocrx_word' id='word_1_282' title='bbox 648 2798 788 2853; x_wconf 87' lang='lat' dir='ltr'>Vulgo</span> <span class='ocrx_word' id='word_1_283' title='bbox 809 2798 1045 2851; x_wconf 86' lang='grc' dir='ltr'>δορυσσόοις.</span> 
     </span>
    </p>

    <p class='ocr_par' dir='ltr' id='par_1_17' title="bbox 353 2863 1785 2987">
     <span class='ocr_line' id='line_1_40' title="bbox 409 2863 1785 2922; baseline -0.002 -16"><span class='ocrx_word' id='word_1_284' title='bbox 409 2865 591 2917; x_wconf 83' lang='grc' dir='ltr'>ἑβδόμαις</span> <span class='ocrx_word' id='word_1_285' title='bbox 631 2863 828 2917; x_wconf 88' lang='grc' dir='ltr'>(εὐδόμαις</span> <span class='ocrx_word' id='word_1_286' title='bbox 868 2866 915 2906; x_wconf 91' lang='lat' dir='ltr'>C.</span> <span class='ocrx_word' id='word_1_287' title='bbox 958 2865 1102 2922; x_wconf 89' lang='lat' dir='ltr'>Ald.)]</span> <span class='ocrx_word' id='word_1_288' title='bbox 1155 2867 1237 2906; x_wconf 86' lang='lat' dir='ltr'>Pro</span> <span class='ocrx_word' id='word_1_289' title='bbox 1288 2868 1384 2907; x_wconf 75' lang='grc' dir='ltr'>ἑπτὰ</span> <span class='ocrx_word' id='word_1_290' title='bbox 1429 2865 1582 2906; x_wconf 83' lang='lat' dir='ltr'>dictum</span> <span class='ocrx_word' id='word_1_291' title='bbox 1631 2864 1785 2919; x_wconf 87' lang='lat' dir='ltr'>accepit</span> 
     </span>
     <span class='ocr_line' id='line_1_41' title="bbox 353 2929 1783 2987; baseline -0.001 -15"><span class='ocrx_word' id='word_1_292' title='bbox 353 2932 536 2973; x_wconf 86' lang='lat' dir='ltr'>Thomas</span> <span class='ocrx_word' id='word_1_293' title='bbox 572 2933 634 2972; x_wconf 94' lang='lat' dir='ltr'>M.</span> <span class='ocrx_word' id='word_1_294' title='bbox 685 2931 807 2980; x_wconf 82' lang='lat' dir='ltr'>Quod</span> <span class='ocrx_word' id='word_1_295' title='bbox 839 2932 911 2972; x_wconf 86' lang='lat' dir='ltr'>etsi</span> <span class='ocrx_word' id='word_1_296' title='bbox 944 2947 1016 2987; x_wconf 86' lang='lat' dir='ltr'>per</span> <span class='ocrx_word' id='word_1_297' title='bbox 1047 2931 1198 2987; x_wconf 78' lang='lat' dir='ltr'>linguae</span> <span class='ocrx_word' id='word_1_298' title='bbox 1229 2932 1338 2987; x_wconf 84' lang='lat' dir='ltr'>leges</span> <span class='ocrx_word' id='word_1_299' title='bbox 1369 2932 1453 2973; x_wconf 82' lang='lat' dir='ltr'>fieri</span> <span class='ocrx_word' id='word_1_300' title='bbox 1490 2945 1605 2986; x_wconf 89' lang='lat' dir='ltr'>posse</span> <span class='ocrx_word' id='word_1_301' title='bbox 1641 2929 1783 2971; x_wconf 87' lang='lat' dir='ltr'>similia</span> 
     </span>
    </p>
   </div>
  </div>
 </body>
</html>
