1898 3256
677 249 768 291 AD
799 248 1052 291 PERSAS.
1235 308 1238 309 ⁷
1516 245 1603 286 285

140 366 279 424 plures
306 365 471 420 πρέσβα
490 379 585 407 cum
612 364 725 406 Rob.
772 365 928 419 Agam.
952 362 1051 418 855.
1073 362 1214 414 ἄνδρες
1232 363 1405 408 πολῖται,
1427 358 1609 413 πρέσβος

138 434 332 489 Ἀργείων
351 436 456 476 τόδε.
502 434 639 480 Quem
661 433 796 475 locum
818 431 1075 488 comparavit
1097 429 1347 487 Stephanus.

196 505 295 555 624.
316 503 420 544 Post
439 506 512 556 γῆς
530 511 712 560 ponatur
732 515 906 544 comma.

197 571 294 626 625.
316 570 367 627 δ’]
388 570 422 612 θ’
446 572 497 612 Β.
517 570 661 613 Guelf.
682 580 792 612 recte
810 569 998 611 fortasse.

197 640 294 693 627.
324 641 441 694 γαίας
472 639 616 697 Steph.
638 649 679 680 et
701 653 796 695 pars
815 636 1020 686 codicum,
1041 635 1151 676 inter
1170 649 1277 690 quos
1304 634 1372 675 Μ.
1394 633 1467 690 qui
1490 650 1607 674 κατα-

138 709 254 762 γαίας
273 707 542 765 conjunctim.
576 711 697 762 γαῖαν
717 707 886 748 A.B.C.
907 704 1059 761 aliique
1080 713 1122 745 et
1142 702 1246 744 Ald.
1269 703 1381 744 Rob.
1405 703 1545 745 Turn.

197 777 294 818 628.
316 776 441 831 ἀλλὰ]
462 777 553 818 ἀλλ’
574 774 605 817 ὦ
627 774 913 816 Blomfieldus.
947 774 999 814 In
1021 771 1361 829 interpretatione
1381 770 1612 812 scholiastae

140 853 200 886 est
221 844 312 886 ἀλλ’
335 843 366 886 ὦ
386 846 540 899 χθόνιοι
561 845 657 885 θεοί.

197 914 294 967 629.
316 911 347 953 τ’
371 912 533 968 ἐνέρων]
555 910 586 952 τ’
612 911 827 964 ἐνερτέρων
848 910 911 952 vel
933 928 977 952 τε
999 909 1193 964 νερτέρων
1212 907 1373 964 aliquot
1393 907 1500 949 libri.

199 981 297 1036 630.
319 980 496 1035 ἔνερθεν]
519 980 656 1033 ἔνερθε
678 980 799 1021 BAEI.

198 1049 337 1103 ψυχὴν
358 1050 542 1090 Α.Β.Μ.
563 1048 729 1105 aliique.
762 1051 904 1103 ψυχὰν
924 1047 1066 1104 vulgo.

198 1121 284 1170 φῶς
305 1118 372 1159 Μ.
393 1117 547 1173 aliique
566 1116 770 1158 nonnulli.
801 1115 906 1171 φάος
926 1116 1067 1172 vulgo.

199 1186 296 1240 631.
318 1186 416 1240 ἄχος
437 1185 612 1227 Pon-soni
628 1184 756 1227 editio
775 1200 827 1226 ex
843 1185 1082 1241 conjectura
1099 1182 1274 1224 Pauwii.
1306 1180 1611 1223 Revocandum

141 1254 256 1310 quod
276 1254 319 1295 in
340 1254 455 1296 libris
474 1265 537 1296 est
558 1256 663 1298 ἄκος.
715 1253 956 1304 Scholiasta,
978 1254 1012 1294 εἰ
1031 1250 1109 1306 γάρ
1136 1268 1174 1292 τι
1198 1252 1291 1294 ἄκος
1316 1254 1394 1291 τῶν
1413 1249 1614 1303 ἡμετέρων

141 1326 270 1364 κακῶν
299 1322 428 1364 πλέον
458 1323 521 1364 καὶ
553 1322 736 1364 ἐπέκεινα
768 1322 888 1370 οἶδεν,
924 1321 1048 1375 ἤγουν
1084 1322 1247 1371 νικῆσον
1279 1320 1329 1359 τὰ
1357 1319 1467 1370 ἡμῶν
1498 1319 1611 1366 κακὰ,

139 1391 261 1443 μόνος
290 1390 340 1432 ἂν
367 1391 479 1434 οὗτος
510 1389 587 1431 ἀπὸ
617 1393 695 1431 τῶν
718 1390 935 1443 ἀνθρώπων
966 1391 1070 1431 εἴποι
1094 1389 1139 1430 τὸ
1166 1388 1290 1441 πέρας
1318 1387 1381 1429 καὶ
1407 1390 1488 1431 πῶς
1516 1387 1615 1429 αὐτὰ

142 1460 206 1501 καὶ
225 1461 322 1501 πότε
343 1460 405 1500 καὶ
424 1460 502 1500 τίνι
521 1460 651 1514 τρόπῳ
673 1459 919 1512 ἐκφύγωμεν.

198 1527 337 1583 πέρας]
367 1527 517 1580 πέρσας
546 1536 629 1568 tres
659 1525 832 1568 codices.
876 1524 1043 1579 πέρσαις
1075 1526 1134 1566 A.
1168 1523 1322 1580 aliique
1351 1521 1539 1564 nonnulli
1571 1530 1615 1563 et

147 1594 246 1637 Ald.
267 1595 382 1651 quod
404 1594 731 1651 superscriptum
752 1593 794 1635 in
817 1595 868 1635 B.

204 1664 323 1720 εἴποι]
345 1666 434 1721 εἴπῃ
453 1665 537 1706 duo
557 1663 678 1705 codd.
698 1672 739 1704 et
760 1662 864 1704 Ald.

202 1732 734 1788 633—639=640—646.

202 1803 299 1857 633.
319 1802 411 1857 μου]
431 1818 499 1854 μοι
519 1802 643 1842 L.M.

202 1871 300 1925 634.
323 1872 418 1925 635.
440 1869 482 1910 in
507 1884 636 1910 unum
659 1883 824 1909 versum
845 1866 1064 1923 conjungit
1083 1865 1190 1907 Ald.

203 1939 301 1993 635.
331 1937 565 1988 παναίολος,
581 1951 789 1993 perquam
822 1937 1031 1977 variatus.
1060 1933 1087 1975 i.
1109 1950 1144 1975 e.
1165 1947 1284 1975 omne
1302 1933 1617 1975 lamentationi-8

139 2018 280 2061 gemas
309 2005 588 2062 complectens.
634 2003 823 2061 Hesych.
844 2004 1087 2050 Παναίολος,
1116 2002 1390 2054 παμποίκιλος.
1437 2002 1616 2042 Homer.

146 2071 269 2114 Iliad.
290 2076 340 2123 K,
357 2083 426 2126 77.
447 2074 539 2125 Πᾶρ
560 2073 602 2113 δὲ
625 2072 773 2126 ζωστὴρ
795 2075 898 2113 κεῖτο
918 2071 1148 2114 παναίολος.
1179 2070 1410 2111 BLOMF.

205 2141 303 2197 636.
322 2139 527 2195 βάγματα]
547 2138 739 2193 βάσματα
759 2140 902 2195 Mosq.
924 2138 1037 2180 Rob.

204 2209 300 2265 638.
323 2206 562 2263 παντάλαν’]
591 2200 828 2250 παντάλανα
847 2208 880 2248 τ’
901 2206 1015 2249 Rob.
1054 2204 1293 2248 παντάλαιν’
1312 2205 1472 2262 aliquot
1492 2204 1615 2247 codd.

149 2289 192 2320 et
211 2276 314 2319 Ald.

204 2342 410 2397 διαβοάσω
429 2359 512 2386 om.
534 2344 646 2386 Rob.
691 2346 834 2396 διαβὰς
855 2345 999 2398 Mosq.
1047 2347 1073 2367 “
1091 2342 1296 2395 διαβοάσω
1317 2357 1399 2384 non
1421 2345 1616 2383 futurum

148 2424 224 2463 est,
255 2412 371 2469 quod
399 2412 602 2464 βοήσομαι
631 2411 800 2462 dieitur,
829 2411 900 2452 sed
933 2410 1226 2466 subjunctivus
1252 2410 1406 2460 amisti,
1437 2410 1619 2465 ideoque

149 2480 391 2522 addendum
440 2479 604 2536 signum
654 2479 952 2535 interrogandi.
1016 2478 1083 2519 Sic
1133 2477 1288 2534 Eurip.
1326 2478 1445 2519 Med.
1490 2488 1616 2530 1272.

148 2547 334 2602 παρέλθω
384 2549 548 2600 δόμους;
601 2546 674 2589 ubi
723 2562 763 2588 v.
814 2554 958 2588 annot.
1006 2546 1321 2603 interpretum.”
1371 2546 1619 2589 WORDS·

151 2616 408 2658 WORTH.
429 2630 471 2672 p.
495 2628 592 2671 233.

207 2687 304 2741 639.
326 2685 417 2741 ἆρα]
439 2686 515 2738 ἄρα
535 2684 638 2726 Ald.
662 2683 773 2724 Rob.

207 2756 304 2806 640.
323 2771 393 2806 μοι
410 2769 491 2794 om.
514 2753 625 2794 Rob.

207 2823 380 2876 χθονίων
414 2821 552 2862 versui
586 2820 776 2877 proximo
808 2818 926 2860 addit
955 2817 1077 2867 Ald.‚
1110 2817 1261 2858 omisso
1293 2815 1500 2870 ἆγέμονες,
1532 2830 1621 2871 quo

150 2889 271 2931 etiam
295 2890 464 2931 Barocc.
486 2898 612 2930 caret.

209 2958 306 3010 642.
335 2959 516 3011 μεγαυχῆ
546 2957 602 2997 A.
646 2957 880 3009 μεγαλαυχῆ
910 2953 1052 3009 vulgo,
1073 2952 1353 2994 consentiente
1384 2952 1450 2992 M.
1496 2968 1621 3005 μεγα-

151 3027 282 3078 λαρχῆ
300 3024 459 3080 aliquot
479 3024 653 3075 codices,
674 3023 788 3079 quod
809 3021 1065 3078 adscriptum
1089 3019 1129 3061 in
1152 3021 1211 3062 A.
