1898 3256
324 222 407 263 218
793 227 1285 271 ANNOTATIONES

325 335 445 374 παῖδα
466 357 523 364 ·-
547 332 554 389 Ι
579 334 707 376 τούσδ’
728 359 785 367 --
809 335 815 390 Ι
840 339 1079 390 ληλοφόνοις
1102 362 1158 368 -
1183 337 1190 393 Ι
1215 340 1428 391 ὁμόσποροι
1449 363 1503 370 -
1528 339 1534 396 Ι
1561 343 1758 392 διατομαῖς

324 423 381 430 -—
405 400 413 455 Ι
439 401 640 443 νείκεος-
664 401 672 458 Ι
696 402 943 444 πέπαυται-
965 403 974 458 Ι
998 405 1135 452 ζωᾶ-
1161 403 1167 460 Ι
1194 405 1376 457 κάρτα-
1400 404 1406 460 Ι
1431 405 1625 456 πικρὸς-
1650 405 1658 461 Ι
1683 406 1760 457 ξεῖ-

327 482 460 508 νος-
485 465 492 521 Ι
516 467 720 519 πικρὸς-
744 467 751 523 Ι
771 467 953 522 ”Αρης--
977 469 984 526 Ι
1011 471 1210 523 ἔχουσι-
1233 471 1241 526 Ι
1267 473 1535 512 διοσδότων-
1562 472 1568 528 Ι
1593 476 1758 516 πλοῦτος

326 554 383 562 —-
407 531 414 586 Ι
441 531 483 573 ἶῶ
503 557 560 564 —-
585 532 591 589 Ι
617 537 779 589 τελευτᾷ
794 559 850 566 --
875 535 881 591 Ι
907 537 976 577 τὸν
1007 538 1167 587 ὀξὺν-
1191 538 1198 594 Ι
1225 538 1436 579 ἕστακε-
1459 538 1466 594 Ι
1493 540 1536 580 ἐν
1575 539 1696 582 αἶς-
1727 539 1734 594 Ι

328 598 526 649 ἔληξε-.
546 599 648 640 Ald.

384 675 479 719 925.
510 666 567 720 τε]
601 667 868 708 Scribendum
897 670 940 709 δὲ
959 684 1009 709 ex
1031 670 1082 710 Β.
1103 680 1143 711 et
1163 685 1246 711 uno
1265 686 1462 712 meorum.
1492 670 1523 712 τ’
1545 673 1584 715 ἐς
1602 670 1759 727 aliquot

327 731 446 772 codd.
469 740 510 772 et
530 733 638 774 Rob.

386 799 538 853 στίχας]
570 800 754 855 Hesych.
784 803 936 854 Στίχες.
966 803 1092 854 τάξεις
1117 805 1250 846 ὅπλων
1281 805 1378 859 (imo
1407 807 1605 858 ὁπλιτῶν.)
1666 805 1758 846 Vox

327 864 519 920 frequens
546 865 659 921 aPud
690 867 935 909 Homerum.
973 872 1170 921 πολεμίων
1202 873 1339 925 στίχας
1369 871 1518 928 Eurip.
1548 871 1758 913 Heraclid.

329 932 426 983 676.
470 931 536 972 Cf.
566 932 694 988 ejusd.
729 934 875 989 Suppl.
907 935 1000 989 669.
1059 937 1206 978 Altera
1234 938 1379 989 forma,
1405 940 1551 992 στίχος,
1581 939 1757 979 occurrit

328 999 442 1039 Pers.
464 1000 561 1053 366.
623 1000 736 1040 Bene
763 1000 887 1041 schol.
907 1004 1041 1043 πολλὰ
1067 1006 1164 1045 κακὰ
1184 1004 1353 1057 ἔπραξαν
1372 1010 1452 1048 τοῖς
1471 1006 1658 1052 πολίταις,
1680 1008 1759 1048 τοῖς

328 1065 401 1116 μὲν
415 1066 606 1116 Θηβαίοις
621 1068 642 1106 ὁ
662 1064 882 1118 Ἐτεοκλῆς,
899 1072 979 1111 τοῖς
994 1070 1036 1109 δὲ
1049 1068 1241 1122 Ἀργείοις
1255 1073 1508 1122 Πολυνείκης.
1530 1071 1757 1112 BLOMF.

385 1133 482 1186 926.
504 1131 566 1188 ἐν]
587 1133 650 1183 ἡμ.
671 1133 887 1188 praefixum
907 1134 948 1174 in
971 1135 1081 1177 Rob.

385 1198 452 1239 δαΐ
468 1199 641 1239 B.L.M.
674 1199 773 1240 δαΐδι
791 1200 928 1256 vulgo.
960 1201 1065 1243 δαῒσι
1084 1211 1125 1243 et
1144 1202 1237 1244 δαΐω
1256 1203 1412 1259 aliquot
1430 1204 1549 1245 codd.

384 1276 480 1320 927.
499 1264 612 1306 ‘HM.
634 1280 714 1307 om.
736 1265 836 1307 Ald.
857 1268 967 1309 Rob.
990 1269 1125 1310 Turn.

385 1333 428 1374 ἰὼ
449 1332 637 1388 δυσαίων]
659 1332 818 1374 Aberat
838 1335 881 1374 ἰὼ
901 1343 941 1375 et
960 1335 1172 1390 legebatur
1192 1337 1422 1387 δυσδαίμων.
1482 1337 1652 1378 Correxi
1679 1337 1756 1379 hoc

328 1398 382 1440 ad
401 1399 705 1440 similitudinem
727 1415 867 1441 versus
886 1401 979 1454 870.

615 1468 657 1507 ἰὼ

611 1535 947 1587 δυσαδελφόταται
966 1539 1104 1577 πασῶν
1123 1537 1335 1577 ὁπόσαι--.

326 1601 387 1641 Et
413 1598 624 1655 particulae
651 1601 694 1640 ἰὼ
714 1600 928 1656 vestigium
949 1601 1117 1643 fortasse
1143 1611 1326 1658 superest
1344 1603 1386 1643 in
1407 1603 1512 1651 δαΐω,
1534 1603 1646 1658 quod
1665 1603 1757 1645 libri

326 1666 512 1707 nonnulli
530 1666 573 1707 in
593 1667 672 1707 fine
691 1667 958 1723 praecedentis
977 1683 1117 1710 versus
1135 1670 1321 1725 praebent
1340 1685 1415 1725 pro
1435 1669 1509 1711 δαΐ.

381 1735 424 1788 ἁ]
448 1734 472 1785 ἡ
493 1733 558 1775 M.
580 1733 741 1789 aliique.

382 1801 476 1855 928.
497 1800 571 1853 πρὸ
591 1801 744 1856 πασῶν]
764 1806 977 1854 προπασῶν
997 1804 1073 1843 Ar.
1105 1803 1179 1855 πρὸ
1199 1817 1278 1843 om.
1302 1804 1352 1844 B.
1394 1803 1662 1845 Scribendum
1682 1804 1756 1857 πρὸ

322 1870 455 1908 πασᾶν
474 1882 567 1908 cum
588 1867 840 1909 Blomfieldo.

379 1935 534 1988 πασῶν]
559 1934 809 1975 Addebatur
827 1940 1032 1988 γυναικῶν,
1054 1936 1167 1991 quod
1186 1951 1262 1992 ego
1281 1936 1424 1977 delevi.

381 2001 620 2055 τεκνογόνοι]
640 2003 867 2054 παιδογόνοι
888 2003 940 2043 Β.
1002 2003 1124 2053 Quod
1144 2019 1221 2059 ego
1239 2003 1281 2043 in
1301 2003 1388 2044 aliis
1407 2018 1574 2059 quoque
1594 2004 1736 2060 reperi.

381 2080 475 2122 930.
507 2068 792 2122 αὑτᾶς-αὑτᾷ]
824 2069 938 2112 αὐτᾶς
966 2068 1030 2109 vel
1060 2070 1173 2120 αὐτῆς
1201 2078 1242 2110 et
1271 2070 1391 2125 αὐτῇει
1417 2069 1548 2125 quuot
1579 2070 1684 2118 libri,
1715 2079 1756 2112 et

323 2134 465 2186 θεμένη
484 2149 560 2190 pro
580 2134 741 2185 θεμένα.

382 2213 477 2255 932.
510 2202 1124 2255 ἐτελεύτασαν-ἆλλαλοφόνοις
1152 2203 1329 2243 A.B.M.
1360 2201 1523 2259 aliique.
1558 2204 1757 2255 ἐτελεύτη-

323 2268 749 2320 σαν-ἆλληλοφόνοις
767 2268 904 2324 vulgo.

380 2335 899 2389 934—946=947—960·

379 2413 474 2456 934.
503 2399 617 2442 ‘HM.
648 2401 759 2442 Rob.
792 2402 966 2442 Ismenae
1000 2401 1089 2442 haec
1123 2402 1396 2457 (934—940.)
1430 2402 1618 2444 tribuunt
1651 2403 1754 2445 Ald.

322 2470 458 2510 Turn.

377 2536 486 2590 δῆτα]
507 2536 552 2586 δὴ
573 2536 631 2576 Α.

377 2604 473 2657 936.
495 2611 590 2656 937.
610 2602 651 2642 in
675 2617 800 2642 unum
824 2616 983 2642 versum
1005 2601 1294 2657 conjungendi,
1316 2612 1356 2643 et
1377 2615 1469 2657 949.
1489 2612 1583 2659 950.

376 2681 469 2723 939.
492 2670 559 2717 ζόα
580 2669 779 2723 φονορύτῳ
800 2667 1080 2709 Blomfieldus.
1140 2669 1378 2724 Legebatur
1396 2672 1472 2718 ζωὰ
1492 2671 1730 2725 φονορρύτῳ.

376 2747 470 2788 940.
493 2735 588 2788 εἴσ’]
613 2735 714 2776 εἰσὶν
735 2736 869 2775 Turn.
902 2734 1001 2776 εἶσιν
1022 2735 1120 2775 Ald.

375 2800 494 2853 κάρτα
523 2800 554 2841 δ’
577 2802 653 2842 εἵσ’
674 2800 848 2855 ὅμαιμοι]
873 2801 1056 2842 Luditur
1080 2801 1122 2842 in
1150 2801 1415 2857 ambiguitate
1435 2801 1620 2843 vocabuli
1640 2803 1748 2854 ὅμαι-

315 2883 392 2917 μοι,
414 2867 525 2921 quod
552 2876 591 2907 et
612 2867 930 2922 consanguineos
952 2868 1174 2924 significare
1194 2876 1329 2924 potest
1349 2878 1389 2910 et
1409 2884 1477 2910 eos
1495 2869 1567 2925 qui
1588 2869 1749 2926 sangui-

316 2947 408 2974 nem
430 2934 690 2975 miscuerunt.
724 2934 853 2975 SCH.
