<?xml version="1.0" encoding="UTF-8"?>
<!DOCTYPE html PUBLIC "-//W3C//DTD XHTML 1.0 Transitional//EN"
    "http://www.w3.org/TR/xhtml1/DTD/xhtml1-transitional.dtd">
<html xmlns="http://www.w3.org/1999/xhtml" xml:lang="en" lang="en">
 <head>
  <title>
</title>
<meta http-equiv="Content-Type" content="text/html;charset=utf-8" />
  <meta name='ocr-system' content='tesseract 3.04.00' />
  <meta name='ocr-capabilities' content='ocr_page ocr_carea ocr_par ocr_line ocrx_word'/>
</head>
<body>
  <div class='ocr_page' id='page_1' title='image "./tragoediaesupers02aescuoft_0282.png"; bbox 0 0 1898 3256; ppageno 0'>
   <div class='ocr_carea' id='block_1_1' title="bbox 379 227 1348 270">
    <p class='ocr_par' dir='ltr' id='par_1_1' title="bbox 379 227 1348 270">
     <span class='ocr_line' id='line_1_1' title="bbox 379 227 1348 270; baseline 0.002 -4"><span class='ocrx_word' id='word_1_1' title='bbox 379 227 466 270; x_wconf 74' lang='lat'>278</span> <span class='ocrx_word' id='word_1_2' title='bbox 855 227 1348 268; x_wconf 89' lang='lat' dir='ltr'><strong>ANNOTATIONES</strong></span> 
     </span>
    </p>
   </div>
   <div class='ocr_carea' id='block_1_2' title="bbox 365 335 1816 2983">
    <p class='ocr_par' dir='ltr' id='par_1_2' title="bbox 376 335 1816 1053">
     <span class='ocr_line' id='line_1_2' title="bbox 381 335 1814 388; baseline 0.001 -13"><span class='ocrx_word' id='word_1_3' title='bbox 381 337 552 377; x_wconf 81' lang='grc' dir='ltr'>ἁπαλαῖς</span> <span class='ocrx_word' id='word_1_4' title='bbox 569 337 689 388; x_wconf 85' lang='grc' dir='ltr'>χερσί</span> <span class='ocrx_word' id='word_1_5' title='bbox 703 335 755 375; x_wconf 90' lang='lat' dir='ltr'>de</span> <span class='ocrx_word' id='word_1_6' title='bbox 777 335 934 376; x_wconf 88' lang='lat' dir='ltr'>vetulis.</span> <span class='ocrx_word' id='word_1_7' title='bbox 994 335 1103 385; x_wconf 80' lang='lat' dir='ltr'>Quin</span> <span class='ocrx_word' id='word_1_8' title='bbox 1125 344 1285 376; x_wconf 88' lang='lat' dir='ltr'>tantum</span> <span class='ocrx_word' id='word_1_9' title='bbox 1314 336 1429 376; x_wconf 86' lang='lat' dir='ltr'>abest</span> <span class='ocrx_word' id='word_1_10' title='bbox 1454 344 1501 376; x_wconf 87' lang='lat' dir='ltr'>ut</span> <span class='ocrx_word' id='word_1_11' title='bbox 1520 342 1672 376; x_wconf 71' lang='lat' dir='ltr'>matres</span> <span class='ocrx_word' id='word_1_12' title='bbox 1699 336 1814 378; x_wconf 89' lang='lat' dir='ltr'>innui</span> 
     </span>
     <span class='ocr_line' id='line_1_3' title="bbox 379 401 1816 458; baseline 0.001 -17"><span class='ocrx_word' id='word_1_13' title='bbox 379 410 537 456; x_wconf 90' lang='lat' dir='ltr'>putem,</span> <span class='ocrx_word' id='word_1_14' title='bbox 560 412 606 442; x_wconf 90' lang='lat' dir='ltr'>ut</span> <span class='ocrx_word' id='word_1_15' title='bbox 625 401 759 442; x_wconf 88' lang='lat' dir='ltr'>locum</span> <span class='ocrx_word' id='word_1_16' title='bbox 786 401 924 457; x_wconf 85' lang='lat' dir='ltr'>potius</span> <span class='ocrx_word' id='word_1_17' title='bbox 943 401 995 442; x_wconf 92' lang='lat' dir='ltr'>de</span> <span class='ocrx_word' id='word_1_18' title='bbox 1015 403 1259 458; x_wconf 71' lang='lat' dir='ltr'>virginibus</span> <span class='ocrx_word' id='word_1_19' title='bbox 1285 401 1520 457; x_wconf 83' lang='lat' dir='ltr'>intelligam.</span> <span class='ocrx_word' id='word_1_20' title='bbox 1579 402 1700 451; x_wconf 81' lang='lat' dir='ltr'>Quod</span> <span class='ocrx_word' id='word_1_21' title='bbox 1718 417 1816 443; x_wconf 88' lang='lat' dir='ltr'>vero</span> 
     </span>
     <span class='ocr_line' id='line_1_4' title="bbox 378 467 1813 523; baseline 0.002 -16"><span class='ocrx_word' id='word_1_22' title='bbox 378 467 436 508; x_wconf 89' lang='lat' dir='ltr'>ait</span> <span class='ocrx_word' id='word_1_23' title='bbox 466 469 745 517; x_wconf 85' lang='lat' dir='ltr'>Hermannus,</span> <span class='ocrx_word' id='word_1_24' title='bbox 777 469 940 510; x_wconf 81' lang='grc' dir='ltr'>ἀταλαῖς</span> <span class='ocrx_word' id='word_1_25' title='bbox 968 468 1010 508; x_wconf 88' lang='lat' dir='ltr'>in</span> <span class='ocrx_word' id='word_1_26' title='bbox 1041 468 1281 522; x_wconf 83' lang='lat' dir='ltr'>grandaevas</span> <span class='ocrx_word' id='word_1_27' title='bbox 1309 468 1498 508; x_wconf 89' lang='lat' dir='ltr'>mulieres</span> <span class='ocrx_word' id='word_1_28' title='bbox 1526 467 1743 523; x_wconf 84' lang='lat' dir='ltr'><strong>quadrare,</strong></span> <span class='ocrx_word' id='word_1_29' title='bbox 1770 469 1813 510; x_wconf 93' lang='lat' dir='ltr'>id</span> 
     </span>
     <span class='ocr_line' id='line_1_5' title="bbox 377 533 1814 590; baseline 0.001 -17"><span class='ocrx_word' id='word_1_30' title='bbox 377 533 514 574; x_wconf 88' lang='lat' dir='ltr'>minus</span> <span class='ocrx_word' id='word_1_31' title='bbox 543 533 792 575; x_wconf 85' lang='lat' dir='ltr'>considerate</span> <span class='ocrx_word' id='word_1_32' title='bbox 821 534 975 575; x_wconf 89' lang='lat' dir='ltr'>dictum</span> <span class='ocrx_word' id='word_1_33' title='bbox 1004 544 1087 582; x_wconf 88' lang='lat' dir='ltr'>est;</span> <span class='ocrx_word' id='word_1_34' title='bbox 1122 549 1213 574; x_wconf 88' lang='lat' dir='ltr'>nam</span> <span class='ocrx_word' id='word_1_35' title='bbox 1244 535 1320 575; x_wconf 86' lang='lat' dir='ltr'>hoc</span> <span class='ocrx_word' id='word_1_36' title='bbox 1350 534 1557 590; x_wconf 85' lang='lat' dir='ltr'>epitheton</span> <span class='ocrx_word' id='word_1_37' title='bbox 1578 543 1638 575; x_wconf 90' lang='lat' dir='ltr'>est</span> <span class='ocrx_word' id='word_1_38' title='bbox 1667 535 1814 576; x_wconf 90' lang='lat' dir='ltr'>teneris</span> 
     </span>
     <span class='ocr_line' id='line_1_6' title="bbox 377 599 1814 656; baseline 0.002 -17"><span class='ocrx_word' id='word_1_39' title='bbox 377 599 524 655; x_wconf 83' lang='lat' dir='ltr'><strong>puellis</strong></span> <span class='ocrx_word' id='word_1_40' title='bbox 544 599 770 655; x_wconf 87' lang='lat' dir='ltr'>proprium.</span> <span class='ocrx_word' id='word_1_41' title='bbox 823 600 972 656; x_wconf 89' lang='lat' dir='ltr'>Odyss.</span> <span class='ocrx_word' id='word_1_42' title='bbox 995 604 1044 648; x_wconf 90' lang='lat' dir='ltr'>A,</span> <span class='ocrx_word' id='word_1_43' title='bbox 1061 601 1129 655; x_wconf 86' lang='lat'>38.</span> <span class='ocrx_word' id='word_1_44' title='bbox 1151 602 1316 653; x_wconf 81' lang='grc' dir='ltr'>Νύμφαι</span> <span class='ocrx_word' id='word_1_45' title='bbox 1334 602 1381 651; x_wconf 82' lang='grc' dir='ltr'>τ’,</span> <span class='ocrx_word' id='word_1_46' title='bbox 1402 600 1528 651; x_wconf 69' lang='grc' dir='ltr'>ἠίθεοί</span> <span class='ocrx_word' id='word_1_47' title='bbox 1544 617 1600 647; x_wconf 84' lang='grc' dir='ltr'>τε,</span> <span class='ocrx_word' id='word_1_48' title='bbox 1620 602 1814 652; x_wconf 81' lang='grc' dir='ltr'>πολύτλη-</span> 
     </span>
     <span class='ocr_line' id='line_1_7' title="bbox 377 665 1810 719; baseline 0.001 -14"><span class='ocrx_word' id='word_1_49' title='bbox 377 667 440 706; x_wconf 91' lang='grc' dir='ltr'>τοί</span> <span class='ocrx_word' id='word_1_50' title='bbox 465 683 508 707; x_wconf 92' lang='grc' dir='ltr'>τε</span> <span class='ocrx_word' id='word_1_51' title='bbox 536 665 717 718; x_wconf 85' lang='grc' dir='ltr'>γέροντες</span> <span class='ocrx_word' id='word_1_52' title='bbox 746 668 988 718; x_wconf 88' lang='grc' dir='ltr'>Παρθενικαί</span> <span class='ocrx_word' id='word_1_53' title='bbox 1012 668 1045 706; x_wconf 86' lang='grc' dir='ltr'>τ’</span> <span class='ocrx_word' id='word_1_54' title='bbox 1066 668 1219 714; x_wconf 83' lang='grc' dir='ltr'>ἀταλαὶ,</span> <span class='ocrx_word' id='word_1_55' title='bbox 1243 666 1456 708; x_wconf 82' lang='grc' dir='ltr'>νεοπενθέα</span> <span class='ocrx_word' id='word_1_56' title='bbox 1485 666 1606 717; x_wconf 86' lang='grc' dir='ltr'>θυμὸν</span> <span class='ocrx_word' id='word_1_57' title='bbox 1636 667 1810 719; x_wconf 85' lang='grc' dir='ltr'>ἔχουσαι.</span> 
     </span>
     <span class='ocr_line' id='line_1_8' title="bbox 378 732 1812 787; baseline 0.001 -15"><span class='ocrx_word' id='word_1_58' title='bbox 378 732 542 772; x_wconf 87' lang='lat' dir='ltr'>Chorus</span> <span class='ocrx_word' id='word_1_59' title='bbox 561 742 696 772; x_wconf 86' lang='lat' dir='ltr'>autem</span> <span class='ocrx_word' id='word_1_60' title='bbox 720 742 801 772; x_wconf 88' lang='lat' dir='ltr'>tres</span> <span class='ocrx_word' id='word_1_61' title='bbox 829 732 1056 787; x_wconf 85' lang='lat' dir='ltr'>lugentium</span> <span class='ocrx_word' id='word_1_62' title='bbox 1078 733 1222 774; x_wconf 86' lang='lat' dir='ltr'><strong>classes</strong></span> <span class='ocrx_word' id='word_1_63' title='bbox 1241 743 1542 783; x_wconf 80' lang='lat' dir='ltr'><strong>commemorat,</strong></span> <span class='ocrx_word' id='word_1_64' title='bbox 1563 743 1644 773; x_wconf 88' lang='lat' dir='ltr'>tres</span> <span class='ocrx_word' id='word_1_65' title='bbox 1663 733 1812 774; x_wconf 86' lang='lat' dir='ltr'>doloris</span> 
     </span>
     <span class='ocr_line' id='line_1_9' title="bbox 376 797 1811 856; baseline 0.002 -18"><span class='ocrx_word' id='word_1_66' title='bbox 376 798 542 853; x_wconf 88' lang='lat' dir='ltr'>gradus.</span> <span class='ocrx_word' id='word_1_67' title='bbox 591 798 791 853; x_wconf 88' lang='lat' dir='ltr'>Virgines,</span> <span class='ocrx_word' id='word_1_68' title='bbox 822 797 911 838; x_wconf 86' lang='lat' dir='ltr'>vela</span> <span class='ocrx_word' id='word_1_69' title='bbox 943 799 1209 853; x_wconf 88' lang='lat' dir='ltr'>proscindunt</span> <span class='ocrx_word' id='word_1_70' title='bbox 1238 810 1278 841; x_wconf 86' lang='lat' dir='ltr'>et</span> <span class='ocrx_word' id='word_1_71' title='bbox 1309 800 1506 856; x_wconf 82' lang='lat' dir='ltr'><strong>lacrymas</strong></span> <span class='ocrx_word' id='word_1_72' title='bbox 1538 800 1811 855; x_wconf 88' lang='lat' dir='ltr'>profundunt,</span> 
     </span>
     <span class='ocr_line' id='line_1_10' title="bbox 377 865 1810 922; baseline 0.001 -18"><span class='ocrx_word' id='word_1_73' title='bbox 377 879 535 919; x_wconf 89' lang='lat' dir='ltr'>sponsae</span> <span class='ocrx_word' id='word_1_74' title='bbox 553 867 740 904; x_wconf 86' lang='grc' dir='ltr'>πενθοῦσι</span> <span class='ocrx_word' id='word_1_75' title='bbox 758 865 864 916; x_wconf 81' lang='grc' dir='ltr'>γόοις</span> <span class='ocrx_word' id='word_1_76' title='bbox 885 866 1222 917; x_wconf 74' lang='grc' dir='ltr'>ἆκορεστοτάτοιςε</span> <span class='ocrx_word' id='word_1_77' title='bbox 1252 866 1429 922; x_wconf 88' lang='lat' dir='ltr'>denique</span> <span class='ocrx_word' id='word_1_78' title='bbox 1448 866 1522 921; x_wconf 87' lang='lat' dir='ltr'>ipsi</span> <span class='ocrx_word' id='word_1_79' title='bbox 1545 881 1658 907; x_wconf 91' lang='lat' dir='ltr'>senes</span> <span class='ocrx_word' id='word_1_80' title='bbox 1676 866 1810 908; x_wconf 87' lang='lat' dir='ltr'>fatum</span> 
     </span>
     <span class='ocr_line' id='line_1_11' title="bbox 377 930 1590 987; baseline 0 -16"><span class='ocrx_word' id='word_1_81' title='bbox 377 930 663 971; x_wconf 88' lang='lat' dir='ltr'>defunctorum</span> <span class='ocrx_word' id='word_1_82' title='bbox 683 932 811 985; x_wconf 88' lang='lat' dir='ltr'>probe</span> <span class='ocrx_word' id='word_1_83' title='bbox 830 945 876 970; x_wconf 90' lang='lat' dir='ltr'>ac</span> <span class='ocrx_word' id='word_1_84' title='bbox 896 930 1085 971; x_wconf 84' lang='lat' dir='ltr'>decenter</span> <span class='ocrx_word' id='word_1_85' title='bbox 1103 931 1329 987; x_wconf 79' lang='lat' dir='ltr'>deplorant.</span> <span class='ocrx_word' id='word_1_86' title='bbox 1364 932 1590 973; x_wconf 86' lang='lat' dir='ltr'>BLOMF.</span> 
     </span>
     <span class='ocr_line' id='line_1_12' title="bbox 434 997 1260 1053; baseline 0 -16"><span class='ocrx_word' id='word_1_87' title='bbox 434 997 702 1048; x_wconf 85' lang='grc' dir='ltr'>διαμυδαλέοις</span> <span class='ocrx_word' id='word_1_88' title='bbox 723 998 786 1037; x_wconf 92' lang='grc' dir='ltr'>Μ.</span> <span class='ocrx_word' id='word_1_89' title='bbox 818 998 880 1037; x_wconf 79' lang='grc' dir='ltr'>διὰ</span> <span class='ocrx_word' id='word_1_90' title='bbox 898 997 1104 1048; x_wconf 85' lang='grc' dir='ltr'>μυδαλέοις</span> <span class='ocrx_word' id='word_1_91' title='bbox 1122 997 1260 1053; x_wconf 87' lang='lat' dir='ltr'>vulgo.</span> 
     </span>
    </p>

    <p class='ocr_par' dir='ltr' id='par_1_3' title="bbox 375 1062 1813 1250">
     <span class='ocr_line' id='line_1_13' title="bbox 431 1062 1812 1118; baseline -0.001 -14"><span class='ocrx_word' id='word_1_92' title='bbox 431 1074 529 1118; x_wconf 84' lang='lat'>541.</span> <span class='ocrx_word' id='word_1_93' title='bbox 552 1066 592 1104; x_wconf 84' lang='grc' dir='ltr'>αἱ</span> <span class='ocrx_word' id='word_1_94' title='bbox 612 1062 642 1104; x_wconf 90' lang='grc' dir='ltr'>δ’</span> <span class='ocrx_word' id='word_1_95' title='bbox 664 1063 868 1117; x_wconf 82' lang='grc' dir='ltr'>ἁβρογόοι]</span> <span class='ocrx_word' id='word_1_96' title='bbox 891 1063 1027 1104; x_wconf 87' lang='lat' dir='ltr'>Schol.</span> <span class='ocrx_word' id='word_1_97' title='bbox 1049 1064 1111 1104; x_wconf 87' lang='grc' dir='ltr'>καὶ</span> <span class='ocrx_word' id='word_1_98' title='bbox 1127 1066 1167 1104; x_wconf 81' lang='grc' dir='ltr'>αἱ</span> <span class='ocrx_word' id='word_1_99' title='bbox 1187 1067 1266 1106; x_wconf 85' lang='grc' dir='ltr'>τοῖς</span> <span class='ocrx_word' id='word_1_100' title='bbox 1285 1064 1392 1116; x_wconf 85' lang='grc' dir='ltr'>γόοις</span> <span class='ocrx_word' id='word_1_101' title='bbox 1412 1064 1642 1114; x_wconf 85' lang='grc' dir='ltr'>δακνόμεναι</span> <span class='ocrx_word' id='word_1_102' title='bbox 1656 1065 1812 1118; x_wconf 89' lang='grc' dir='ltr'>(δακρυ-</span> 
     </span>
     <span class='ocr_line' id='line_1_14' title="bbox 377 1128 1813 1185; baseline -0.001 -14"><span class='ocrx_word' id='word_1_103' title='bbox 377 1131 536 1182; x_wconf 90' lang='grc' dir='ltr'>νόμεναι</span> <span class='ocrx_word' id='word_1_104' title='bbox 555 1130 619 1171; x_wconf 90' lang='lat' dir='ltr'>ed.</span> <span class='ocrx_word' id='word_1_105' title='bbox 642 1131 787 1183; x_wconf 88' lang='lat' dir='ltr'>Rob.).</span> <span class='ocrx_word' id='word_1_106' title='bbox 839 1130 919 1182; x_wconf 77' lang='lat' dir='ltr'>Qui</span> <span class='ocrx_word' id='word_1_107' title='bbox 941 1130 1110 1171; x_wconf 87' lang='lat' dir='ltr'>fortasse</span> <span class='ocrx_word' id='word_1_108' title='bbox 1131 1132 1174 1171; x_wconf 81' lang='grc' dir='ltr'>αἵ</span> <span class='ocrx_word' id='word_1_109' title='bbox 1191 1129 1223 1170; x_wconf 90' lang='grc' dir='ltr'>θ’</span> <span class='ocrx_word' id='word_1_110' title='bbox 1245 1130 1356 1185; x_wconf 85' lang='lat' dir='ltr'>legit.</span> <span class='ocrx_word' id='word_1_111' title='bbox 1406 1128 1529 1169; x_wconf 88' lang='lat' dir='ltr'>Alius</span> <span class='ocrx_word' id='word_1_112' title='bbox 1548 1128 1670 1169; x_wconf 88' lang='lat' dir='ltr'>schol.</span> <span class='ocrx_word' id='word_1_113' title='bbox 1693 1132 1813 1182; x_wconf 84' lang='grc' dir='ltr'>ἄβρο-</span> 
     </span>
     <span class='ocr_line' id='line_1_15' title="bbox 375 1197 1081 1250; baseline 0 -13"><span class='ocrx_word' id='word_1_114' title='bbox 375 1198 463 1250; x_wconf 88' lang='grc' dir='ltr'>γόοι</span> <span class='ocrx_word' id='word_1_115' title='bbox 483 1199 523 1238; x_wconf 80' lang='grc' dir='ltr'>αἱ</span> <span class='ocrx_word' id='word_1_116' title='bbox 544 1199 789 1250; x_wconf 81' lang='grc' dir='ltr'>ἐντρυφῶσαι</span> <span class='ocrx_word' id='word_1_117' title='bbox 809 1202 890 1239; x_wconf 83' lang='grc' dir='ltr'>τοῖς</span> <span class='ocrx_word' id='word_1_118' title='bbox 909 1197 1081 1249; x_wconf 85' lang='grc' dir='ltr'>δάκρυσι.</span> 
     </span>
    </p>

    <p class='ocr_par' dir='ltr' id='par_1_4' title="bbox 376 1262 1810 1438">
     <span class='ocr_line' id='line_1_16' title="bbox 433 1262 1808 1318; baseline -0.002 -13"><span class='ocrx_word' id='word_1_119' title='bbox 433 1275 529 1318; x_wconf 84' lang='lat'>542.</span> <span class='ocrx_word' id='word_1_120' title='bbox 553 1264 786 1318; x_wconf 81' lang='grc' dir='ltr'>ἀρτιζυγίαν]</span> <span class='ocrx_word' id='word_1_121' title='bbox 808 1264 1025 1316; x_wconf 76' lang='grc' dir='ltr'>ἇρτιζυγίην</span> <span class='ocrx_word' id='word_1_122' title='bbox 1046 1264 1177 1305; x_wconf 90' lang='lat' dir='ltr'>Viteb.</span> <span class='ocrx_word' id='word_1_123' title='bbox 1210 1264 1294 1316; x_wconf 85' lang='grc' dir='ltr'>ἄρτι</span> <span class='ocrx_word' id='word_1_124' title='bbox 1313 1264 1497 1315; x_wconf 83' lang='grc' dir='ltr'>συζυγίαν</span> <span class='ocrx_word' id='word_1_125' title='bbox 1516 1263 1682 1304; x_wconf 84' lang='lat' dir='ltr'>Barocc.</span> <span class='ocrx_word' id='word_1_126' title='bbox 1705 1262 1808 1302; x_wconf 91' lang='lat' dir='ltr'>Ald.</span> 
     </span>
     <span class='ocr_line' id='line_1_17' title="bbox 376 1327 1810 1386; baseline -0.002 -15"><span class='ocrx_word' id='word_1_127' title='bbox 376 1330 486 1372; x_wconf 89' lang='lat' dir='ltr'>Rob.</span> <span class='ocrx_word' id='word_1_128' title='bbox 530 1332 800 1383; x_wconf 87' lang='grc' dir='ltr'>ἆρτισυζυγίαν</span> <span class='ocrx_word' id='word_1_129' title='bbox 827 1330 1023 1371; x_wconf 85' lang='lat' dir='ltr'>Cantabr.</span> <span class='ocrx_word' id='word_1_130' title='bbox 1053 1330 1223 1386; x_wconf 86' lang='lat' dir='ltr'>primus,</span> <span class='ocrx_word' id='word_1_131' title='bbox 1255 1339 1295 1370; x_wconf 90' lang='lat' dir='ltr'>et</span> <span class='ocrx_word' id='word_1_132' title='bbox 1325 1329 1380 1370; x_wconf 84' lang='lat' dir='ltr'>sic</span> <span class='ocrx_word' id='word_1_133' title='bbox 1409 1328 1450 1368; x_wconf 88' lang='lat' dir='ltr'>in</span> <span class='ocrx_word' id='word_1_134' title='bbox 1478 1327 1810 1384; x_wconf 83' lang='lat' dir='ltr'>interpretatione</span> 
     </span>
     <span class='ocr_line' id='line_1_18' title="bbox 376 1396 694 1438; baseline -0.003 0"><span class='ocrx_word' id='word_1_135' title='bbox 376 1412 450 1438; x_wconf 84' lang='lat' dir='ltr'>sua</span> <span class='ocrx_word' id='word_1_136' title='bbox 469 1396 694 1438; x_wconf 81' lang='lat' dir='ltr'>scholiasta.</span> 
     </span>
    </p>

    <p class='ocr_par' dir='ltr' id='par_1_5' title="bbox 431 1462 1237 1517">
     <span class='ocr_line' id='line_1_19' title="bbox 431 1462 1237 1517; baseline 0.001 -14"><span class='ocrx_word' id='word_1_137' title='bbox 431 1476 528 1517; x_wconf 86' lang='lat'>543.</span> <span class='ocrx_word' id='word_1_138' title='bbox 550 1462 581 1503; x_wconf 86' lang='grc' dir='ltr'>τ’</span> <span class='ocrx_word' id='word_1_139' title='bbox 602 1478 682 1503; x_wconf 92' lang='lat' dir='ltr'>om.</span> <span class='ocrx_word' id='word_1_140' title='bbox 704 1464 768 1503; x_wconf 91' lang='lat' dir='ltr'>M.</span> <span class='ocrx_word' id='word_1_141' title='bbox 791 1463 958 1504; x_wconf 90' lang='lat' dir='ltr'>Barocc.</span> <span class='ocrx_word' id='word_1_142' title='bbox 980 1462 1082 1504; x_wconf 92' lang='lat' dir='ltr'>Ald.</span> <span class='ocrx_word' id='word_1_143' title='bbox 1104 1464 1237 1504; x_wconf 84' lang='lat' dir='ltr'>Turn.</span> 
     </span>
    </p>

    <p class='ocr_par' dir='ltr' id='par_1_6' title="bbox 430 1530 953 1584">
     <span class='ocr_line' id='line_1_20' title="bbox 430 1530 953 1584; baseline -0.002 0"><span class='ocrx_word' id='word_1_144' title='bbox 430 1530 953 1584; x_wconf 69' lang='lat'><em>548—557=558-567·‘</em></span> 
     </span>
    </p>

    <p class='ocr_par' dir='ltr' id='par_1_7' title="bbox 429 1597 951 1651">
     <span class='ocr_line' id='line_1_21' title="bbox 429 1597 951 1651; baseline -0.002 0"><span class='ocrx_word' id='word_1_145' title='bbox 429 1597 951 1651; x_wconf 84' lang='lat'><em>568-575=576—583·</em></span> 
     </span>
    </p>

    <p class='ocr_par' dir='ltr' id='par_1_8' title="bbox 430 1664 1805 1732">
     <span class='ocr_line' id='line_1_22' title="bbox 430 1664 1805 1732; baseline -0.006 -14"><span class='ocrx_word' id='word_1_146' title='bbox 430 1664 950 1718; x_wconf 84' lang='lat'>584—590=591-597·</span> <span class='ocrx_word' id='word_1_147' title='bbox 1419 1724 1426 1732; x_wconf 92' lang='lat'>.</span> <span class='ocrx_word' id='word_1_148' title='bbox 1454 1724 1461 1732; x_wconf 37' lang='lat'>‚</span> <span class='ocrx_word' id='word_1_149' title='bbox 1796 1723 1805 1731; x_wconf 39' lang='lat'><em>,</em></span> 
     </span>
    </p>

    <p class='ocr_par' dir='ltr' id='par_1_9' title="bbox 375 1726 1810 1847">
     <span class='ocr_line' id='line_1_23' title="bbox 430 1726 1810 1784; baseline -0.004 -14"><span class='ocrx_word' id='word_1_150' title='bbox 430 1733 527 1784; x_wconf 85' lang='lat'>548.</span> <span class='ocrx_word' id='word_1_151' title='bbox 542 1730 605 1783; x_wconf 84' lang='grc' dir='ltr'>δὴ]</span> <span class='ocrx_word' id='word_1_152' title='bbox 627 1730 846 1770; x_wconf 88' lang='lat' dir='ltr'>Porsonus.</span> <span class='ocrx_word' id='word_1_153' title='bbox 878 1730 953 1782; x_wconf 78' lang='grc' dir='ltr'>γὰρ</span> <span class='ocrx_word' id='word_1_154' title='bbox 973 1728 1018 1778; x_wconf 84' lang='grc' dir='ltr'>δὴ</span> <span class='ocrx_word' id='word_1_155' title='bbox 1037 1726 1144 1778; x_wconf 88' lang='lat' dir='ltr'>libri,</span> <span class='ocrx_word' id='word_1_156' title='bbox 1165 1736 1315 1782; x_wconf 87' lang='lat' dir='ltr'>praeter</span> <span class='ocrx_word' id='word_1_157' title='bbox 1334 1727 1566 1766; x_wconf 80' lang='lat' dir='ltr'>Pansmum</span> <span class='ocrx_word' id='word_1_158' title='bbox 1589 1739 1717 1765; x_wconf 90' lang='lat' dir='ltr'>unum</span> <span class='ocrx_word' id='word_1_159' title='bbox 1737 1739 1810 1779; x_wconf 77' lang='lat' dir='ltr'>qui</span> 
     </span>
     <span class='ocr_line' id='line_1_24' title="bbox 375 1796 590 1847; baseline -0.009 -10"><span class='ocrx_word' id='word_1_160' title='bbox 375 1796 421 1847; x_wconf 83' lang='grc' dir='ltr'>δὴ</span> <span class='ocrx_word' id='word_1_161' title='bbox 440 1796 590 1837; x_wconf 90' lang='lat' dir='ltr'>omisit.</span> 
     </span>
    </p>

    <p class='ocr_par' dir='ltr' id='par_1_10' title="bbox 376 1857 1809 1985">
     <span class='ocr_line' id='line_1_25' title="bbox 429 1857 1809 1918; baseline -0.003 -14"><span class='ocrx_word' id='word_1_162' title='bbox 429 1873 528 1918; x_wconf 82' lang='lat'>549.</span> <span class='ocrx_word' id='word_1_163' title='bbox 564 1861 721 1915; x_wconf 80' lang='grc' dir='ltr'>Ἀσιὰς]</span> <span class='ocrx_word' id='word_1_164' title='bbox 762 1862 900 1904; x_wconf 84' lang='grc' dir='ltr'>Ἀσίας</span> <span class='ocrx_word' id='word_1_165' title='bbox 930 1859 1031 1901; x_wconf 91' lang='lat' dir='ltr'>Ald.</span> <span class='ocrx_word' id='word_1_166' title='bbox 1066 1860 1175 1900; x_wconf 86' lang='lat' dir='ltr'>Rob.</span> <span class='ocrx_word' id='word_1_167' title='bbox 1211 1860 1346 1900; x_wconf 84' lang='lat' dir='ltr'>Turn.</span> <span class='ocrx_word' id='word_1_168' title='bbox 1383 1858 1525 1913; x_wconf 89' lang='lat' dir='ltr'>Steph.</span> <span class='ocrx_word' id='word_1_169' title='bbox 1574 1875 1635 1911; x_wconf 94' lang='grc' dir='ltr'>γρ.</span> <span class='ocrx_word' id='word_1_170' title='bbox 1669 1857 1809 1901; x_wconf 78' lang='grc' dir='ltr'>Ἀσιὰς</span> 
     </span>
     <span class='ocr_line' id='line_1_26' title="bbox 376 1927 1087 1985; baseline -0.006 -14"><span class='ocrx_word' id='word_1_171' title='bbox 376 1929 517 1985; x_wconf 84' lang='lat' dir='ltr'>steph.</span> <span class='ocrx_word' id='word_1_172' title='bbox 547 1928 659 1971; x_wconf 86' lang='grc' dir='ltr'>Ἀσὶς</span> <span class='ocrx_word' id='word_1_173' title='bbox 680 1927 949 1969; x_wconf 86' lang='lat' dir='ltr'>Blomfieldus</span> <span class='ocrx_word' id='word_1_174' title='bbox 968 1936 1087 1968; x_wconf 86' lang='lat' dir='ltr'>recte.</span> 
     </span>
    </p>

    <p class='ocr_par' dir='ltr' id='par_1_11' title="bbox 429 1993 1180 2050">
     <span class='ocr_line' id='line_1_27' title="bbox 429 1993 1180 2050; baseline -0.003 -15"><span class='ocrx_word' id='word_1_175' title='bbox 429 2006 526 2050; x_wconf 85' lang='lat'>550.</span> <span class='ocrx_word' id='word_1_176' title='bbox 546 1997 619 2047; x_wconf 79' lang='grc' dir='ltr'>μὲν</span> <span class='ocrx_word' id='word_1_177' title='bbox 640 1996 859 2035; x_wconf 76' lang='lat' dir='ltr'>Porsonu&#39;s.</span> <span class='ocrx_word' id='word_1_178' title='bbox 889 1996 962 2046; x_wconf 82' lang='grc' dir='ltr'>μὲν</span> <span class='ocrx_word' id='word_1_179' title='bbox 981 1996 1057 2046; x_wconf 80' lang='grc' dir='ltr'>γὰρ</span> <span class='ocrx_word' id='word_1_180' title='bbox 1077 1993 1180 2034; x_wconf 89' lang='lat' dir='ltr'>libri.</span> 
     </span>
    </p>

    <p class='ocr_par' dir='ltr' id='par_1_12' title="bbox 429 2059 1444 2116">
     <span class='ocr_line' id='line_1_28' title="bbox 429 2059 1444 2116; baseline -0.005 -13"><span class='ocrx_word' id='word_1_181' title='bbox 429 2062 592 2116; x_wconf 88' lang='grc' dir='ltr'>ἤγαγεν]</span> <span class='ocrx_word' id='word_1_182' title='bbox 615 2060 884 2102; x_wconf 87' lang='lat' dir='ltr'>Scribendum</span> <span class='ocrx_word' id='word_1_183' title='bbox 905 2061 1054 2112; x_wconf 83' lang='grc' dir='ltr'>ἄγαγεν</span> <span class='ocrx_word' id='word_1_184' title='bbox 1073 2074 1165 2100; x_wconf 87' lang='lat' dir='ltr'>cum</span> <span class='ocrx_word' id='word_1_185' title='bbox 1189 2059 1444 2100; x_wconf 86' lang='lat' dir='ltr'>Blomfieldo.</span> 
     </span>
    </p>

    <p class='ocr_par' dir='ltr' id='par_1_13' title="bbox 373 2122 1806 2249">
     <span class='ocr_line' id='line_1_29' title="bbox 429 2122 1806 2182; baseline -0.003 -14"><span class='ocrx_word' id='word_1_186' title='bbox 429 2139 523 2182; x_wconf 87' lang='lat'>550.</span> <span class='ocrx_word' id='word_1_187' title='bbox 544 2130 641 2182; x_wconf 82' lang='lat'>560.</span> <span class='ocrx_word' id='word_1_188' title='bbox 662 2127 798 2181; x_wconf 87' lang='grc' dir='ltr'>ποποῖ]</span> <span class='ocrx_word' id='word_1_189' title='bbox 819 2130 950 2166; x_wconf 86' lang='grc' dir='ltr'>τοττοῖ</span> <span class='ocrx_word' id='word_1_190' title='bbox 968 2126 1022 2166; x_wconf 89' lang='lat' dir='ltr'>G.</span> <span class='ocrx_word' id='word_1_191' title='bbox 1059 2125 1187 2166; x_wconf 85' lang='lat' dir='ltr'>Nihili</span> <span class='ocrx_word' id='word_1_192' title='bbox 1207 2135 1268 2165; x_wconf 90' lang='lat' dir='ltr'>est</span> <span class='ocrx_word' id='word_1_193' title='bbox 1287 2129 1420 2174; x_wconf 86' lang='grc' dir='ltr'>ποποῖ,</span> <span class='ocrx_word' id='word_1_194' title='bbox 1441 2124 1553 2178; x_wconf 90' lang='lat' dir='ltr'>quod</span> <span class='ocrx_word' id='word_1_195' title='bbox 1575 2123 1617 2162; x_wconf 83' lang='lat' dir='ltr'>in</span> <span class='ocrx_word' id='word_1_196' title='bbox 1638 2122 1699 2163; x_wconf 90' lang='lat' dir='ltr'>his</span> <span class='ocrx_word' id='word_1_197' title='bbox 1720 2138 1806 2164; x_wconf 85' lang='lat' dir='ltr'>ver-</span> 
     </span>
     <span class='ocr_line' id='line_1_30' title="bbox 373 2189 1723 2249; baseline -0.005 -13"><span class='ocrx_word' id='word_1_198' title='bbox 373 2195 484 2236; x_wconf 90' lang='lat' dir='ltr'>sibus</span> <span class='ocrx_word' id='word_1_199' title='bbox 504 2193 737 2249; x_wconf 82' lang='lat' dir='ltr'>pariterque</span> <span class='ocrx_word' id='word_1_200' title='bbox 755 2192 796 2232; x_wconf 87' lang='lat' dir='ltr'>in</span> <span class='ocrx_word' id='word_1_201' title='bbox 819 2193 973 2247; x_wconf 84' lang='lat' dir='ltr'>Agam.</span> <span class='ocrx_word' id='word_1_202' title='bbox 1003 2201 1118 2244; x_wconf 79' lang='lat'>1072.</span> <span class='ocrx_word' id='word_1_203' title='bbox 1145 2193 1263 2244; x_wconf 93' lang='lat'>1076.</span> <span class='ocrx_word' id='word_1_204' title='bbox 1285 2191 1326 2230; x_wconf 88' lang='lat' dir='ltr'>in</span> <span class='ocrx_word' id='word_1_205' title='bbox 1342 2194 1453 2230; x_wconf 81' lang='grc' dir='ltr'>τοτοῖ</span> <span class='ocrx_word' id='word_1_206' title='bbox 1468 2189 1723 2229; x_wconf 88' lang='lat' dir='ltr'>mutandum.</span> 
     </span>
    </p>

    <p class='ocr_par' dir='ltr' id='par_1_14' title="bbox 373 2253 1805 2377">
     <span class='ocr_line' id='line_1_31' title="bbox 427 2253 1805 2315; baseline -0.003 -15"><span class='ocrx_word' id='word_1_207' title='bbox 427 2274 525 2315; x_wconf 82' lang='lat'>552.</span> <span class='ocrx_word' id='word_1_208' title='bbox 556 2259 664 2302; x_wconf 85' lang='grc' dir='ltr'>πάντ’</span> <span class='ocrx_word' id='word_1_209' title='bbox 697 2259 863 2313; x_wconf 85' lang='grc' dir='ltr'>ἐπέσπε]</span> <span class='ocrx_word' id='word_1_210' title='bbox 900 2260 1112 2314; x_wconf 88' lang='lat' dir='ltr'>Frequens</span> <span class='ocrx_word' id='word_1_211' title='bbox 1141 2258 1252 2314; x_wconf 85' lang='lat' dir='ltr'>apud</span> <span class='ocrx_word' id='word_1_212' title='bbox 1284 2259 1513 2297; x_wconf 86' lang='lat' dir='ltr'>Homerum</span> <span class='ocrx_word' id='word_1_213' title='bbox 1545 2253 1694 2306; x_wconf 83' lang='grc' dir='ltr'>πότμον</span> <span class='ocrx_word' id='word_1_214' title='bbox 1726 2257 1805 2297; x_wconf 80' lang='grc' dir='ltr'>ἐπι-</span> 
     </span>
     <span class='ocr_line' id='line_1_32' title="bbox 373 2321 1804 2377; baseline -0.003 -9"><span class='ocrx_word' id='word_1_215' title='bbox 373 2332 500 2369; x_wconf 84' lang='grc' dir='ltr'>σπεῖν.</span> <span class='ocrx_word' id='word_1_216' title='bbox 520 2327 749 2367; x_wconf 90' lang='lat' dir='ltr'>BLOMF.</span> <span class='ocrx_word' id='word_1_217' title='bbox 782 2325 985 2366; x_wconf 83' lang='grc' dir='ltr'>ἐπέσπασε</span> <span class='ocrx_word' id='word_1_218' title='bbox 997 2335 1078 2365; x_wconf 86' lang='lat' dir='ltr'>tres</span> <span class='ocrx_word' id='word_1_219' title='bbox 1096 2324 1215 2365; x_wconf 88' lang='lat' dir='ltr'>codd.</span> <span class='ocrx_word' id='word_1_220' title='bbox 1235 2321 1486 2364; x_wconf 79' lang='grc' dir='ltr'>ἐπεσπάσατο</span> <span class='ocrx_word' id='word_1_221' title='bbox 1498 2322 1666 2377; x_wconf 84' lang='lat' dir='ltr'>exponit</span> <span class='ocrx_word' id='word_1_222' title='bbox 1681 2322 1804 2363; x_wconf 85' lang='lat' dir='ltr'>schol.</span> 
     </span>
    </p>

    <p class='ocr_par' dir='ltr' id='par_1_15' title="bbox 372 2390 1806 2650">
     <span class='ocr_line' id='line_1_33' title="bbox 429 2390 1804 2447; baseline -0.004 -12"><span class='ocrx_word' id='word_1_223' title='bbox 429 2393 671 2447; x_wconf 84' lang='grc' dir='ltr'>δυσφρόνως]</span> <span class='ocrx_word' id='word_1_224' title='bbox 715 2393 973 2441; x_wconf 73' lang='lat' dir='ltr'>calamitose,</span> <span class='ocrx_word' id='word_1_225' title='bbox 1007 2406 1131 2447; x_wconf 62' lang='grc' dir='ltr'>αις-νε.</span> <span class='ocrx_word' id='word_1_226' title='bbox 1201 2391 1295 2431; x_wconf 90' lang='lat' dir='ltr'>Non</span> <span class='ocrx_word' id='word_1_227' title='bbox 1332 2398 1469 2430; x_wconf 86' lang='lat' dir='ltr'>autem</span> <span class='ocrx_word' id='word_1_228' title='bbox 1506 2390 1804 2445; x_wconf 74' lang='lat' dir='ltr'>imprudenter,</span> 
     </span>
     <span class='ocr_line' id='line_1_34' title="bbox 372 2455 1806 2511; baseline -0.005 -9"><span class='ocrx_word' id='word_1_229' title='bbox 372 2461 434 2503; x_wconf 92' lang='lat' dir='ltr'>uti</span> <span class='ocrx_word' id='word_1_230' title='bbox 473 2461 594 2502; x_wconf 88' lang='lat' dir='ltr'>vertit</span> <span class='ocrx_word' id='word_1_231' title='bbox 635 2459 859 2501; x_wconf 85' lang='lat' dir='ltr'>Stanleius:</span> <span class='ocrx_word' id='word_1_232' title='bbox 902 2460 1085 2511; x_wconf 88' lang='grc' dir='ltr'>δύσφρων</span> <span class='ocrx_word' id='word_1_233' title='bbox 1123 2457 1223 2498; x_wconf 89' lang='lat' dir='ltr'>nihil</span> <span class='ocrx_word' id='word_1_234' title='bbox 1261 2456 1374 2498; x_wconf 86' lang='lat' dir='ltr'>aliud</span> <span class='ocrx_word' id='word_1_235' title='bbox 1413 2455 1636 2511; x_wconf 87' lang='lat' dir='ltr'>significare</span> <span class='ocrx_word' id='word_1_236' title='bbox 1673 2465 1806 2511; x_wconf 89' lang='lat' dir='ltr'>potest</span> 
     </span>
     <span class='ocr_line' id='line_1_35' title="bbox 372 2523 1803 2584; baseline -0.005 -15"><span class='ocrx_word' id='word_1_237' title='bbox 372 2543 496 2584; x_wconf 85' lang='lat' dir='ltr'>quam</span> <span class='ocrx_word' id='word_1_238' title='bbox 526 2529 718 2582; x_wconf 56' lang='lat' dir='ltr'>iffistus,</span> <span class='ocrx_word' id='word_1_239' title='bbox 749 2527 966 2567; x_wconf 77' lang='lat' dir='ltr'>luctuosus.</span> <span class='ocrx_word' id='word_1_240' title='bbox 1017 2524 1108 2565; x_wconf 87' lang='lat' dir='ltr'>Vid.</span> <span class='ocrx_word' id='word_1_241' title='bbox 1136 2524 1270 2565; x_wconf 86' lang='lat' dir='ltr'>Theb.</span> <span class='ocrx_word' id='word_1_242' title='bbox 1293 2524 1387 2577; x_wconf 80' lang='lat'>873.</span> <span class='ocrx_word' id='word_1_243' title='bbox 1418 2523 1568 2578; x_wconf 84' lang='lat' dir='ltr'>Agam.</span> <span class='ocrx_word' id='word_1_244' title='bbox 1589 2533 1685 2576; x_wconf 85' lang='lat'>549.</span> <span class='ocrx_word' id='word_1_245' title='bbox 1708 2524 1803 2577; x_wconf 87' lang='lat'>609.</span> 
     </span>
     <span class='ocr_line' id='line_1_36' title="bbox 374 2595 732 2650; baseline -0.008 -14"><span class='ocrx_word' id='word_1_246' title='bbox 374 2596 469 2650; x_wconf 85' lang='lat'>835.</span> <span class='ocrx_word' id='word_1_247' title='bbox 501 2595 732 2635; x_wconf 88' lang='lat' dir='ltr'>BLOMF.</span> 
     </span>
    </p>

    <p class='ocr_par' dir='ltr' id='par_1_16' title="bbox 427 2655 1462 2716">
     <span class='ocr_line' id='line_1_37' title="bbox 427 2655 1462 2716; baseline -0.007 -15"><span class='ocrx_word' id='word_1_248' title='bbox 427 2673 453 2716; x_wconf 83' lang='grc'><strong><em>5</em></strong></span> <span class='ocrx_word' id='word_1_249' title='bbox 457 2675 522 2716; x_wconf 80' lang='lat'>53.</span> <span class='ocrx_word' id='word_1_250' title='bbox 545 2662 755 2713; x_wconf 88' lang='grc' dir='ltr'>βαρίδεσσι</span> <span class='ocrx_word' id='word_1_251' title='bbox 773 2658 962 2712; x_wconf 87' lang='grc' dir='ltr'>ποντίαις]</span> <span class='ocrx_word' id='word_1_252' title='bbox 983 2658 1143 2709; x_wconf 85' lang='grc' dir='ltr'>βαρίδες</span> <span class='ocrx_word' id='word_1_253' title='bbox 1163 2673 1205 2697; x_wconf 86' lang='grc' dir='ltr'>τε</span> <span class='ocrx_word' id='word_1_254' title='bbox 1224 2656 1376 2696; x_wconf 88' lang='grc' dir='ltr'>ποντίαι</span> <span class='ocrx_word' id='word_1_255' title='bbox 1397 2655 1462 2694; x_wconf 88' lang='grc' dir='ltr'>Μ.</span> 
     </span>
    </p>

    <p class='ocr_par' dir='ltr' id='par_1_17' title="bbox 365 2721 1800 2851">
     <span class='ocr_line' id='line_1_38' title="bbox 428 2721 1800 2782; baseline -0.007 -13"><span class='ocrx_word' id='word_1_256' title='bbox 428 2738 524 2782; x_wconf 81' lang='lat'>554.</span> <span class='ocrx_word' id='word_1_257' title='bbox 544 2738 641 2782; x_wconf 82' lang='lat'>555.</span> <span class='ocrx_word' id='word_1_258' title='bbox 673 2727 713 2767; x_wconf 86' lang='grc' dir='ltr'>τί</span> <span class='ocrx_word' id='word_1_259' title='bbox 727 2724 994 2776; x_wconf 84' lang='grc' dir='ltr'>ποτε-ἐπῆν]</span> <span class='ocrx_word' id='word_1_260' title='bbox 1029 2725 1135 2763; x_wconf 85' lang='lat' dir='ltr'>Haec</span> <span class='ocrx_word' id='word_1_261' title='bbox 1156 2722 1278 2762; x_wconf 86' lang='lat' dir='ltr'>verba</span> <span class='ocrx_word' id='word_1_262' title='bbox 1303 2721 1345 2761; x_wconf 88' lang='lat' dir='ltr'>in</span> <span class='ocrx_word' id='word_1_263' title='bbox 1377 2735 1505 2761; x_wconf 90' lang='lat' dir='ltr'>unum</span> <span class='ocrx_word' id='word_1_264' title='bbox 1525 2734 1685 2761; x_wconf 89' lang='lat' dir='ltr'>versum</span> <span class='ocrx_word' id='word_1_265' title='bbox 1706 2735 1800 2761; x_wconf 90' lang='lat' dir='ltr'>con-</span> 
     </span>
     <span class='ocr_line' id='line_1_39' title="bbox 365 2788 1171 2851; baseline -0.009 -15"><span class='ocrx_word' id='word_1_266' title='bbox 365 2795 580 2851; x_wconf 88' lang='lat' dir='ltr'>jungenda</span> <span class='ocrx_word' id='word_1_267' title='bbox 593 2794 826 2850; x_wconf 84' lang='lat' dir='ltr'>pariterque</span> <span class='ocrx_word' id='word_1_268' title='bbox 844 2791 885 2831; x_wconf 91' lang='lat' dir='ltr'>in</span> <span class='ocrx_word' id='word_1_269' title='bbox 907 2788 1171 2845; x_wconf 86' lang='lat' dir='ltr'>antistropho.</span> 
     </span>
    </p>

    <p class='ocr_par' dir='ltr' id='par_1_18' title="bbox 370 2852 1799 2983">
     <span class='ocr_line' id='line_1_40' title="bbox 427 2852 1799 2915; baseline -0.008 -12"><span class='ocrx_word' id='word_1_270' title='bbox 427 2872 524 2915; x_wconf 86' lang='lat'>554.</span> <span class='ocrx_word' id='word_1_271' title='bbox 554 2863 594 2902; x_wconf 87' lang='grc' dir='ltr'>τί</span> <span class='ocrx_word' id='word_1_272' title='bbox 609 2877 704 2901; x_wconf 91' lang='grc' dir='ltr'>ποτε</span> <span class='ocrx_word' id='word_1_273' title='bbox 725 2865 774 2900; x_wconf 91' lang='grc' dir='ltr'>Δ.</span> <span class='ocrx_word' id='word_1_274' title='bbox 790 2860 863 2909; x_wconf 81' lang='grc' dir='ltr'>μὲν</span> <span class='ocrx_word' id='word_1_275' title='bbox 883 2858 979 2898; x_wconf 82' lang='grc' dir='ltr'>οὕτω</span> <span class='ocrx_word' id='word_1_276' title='bbox 1003 2855 1079 2896; x_wconf 85' lang='grc' dir='ltr'>τότ’</span> <span class='ocrx_word' id='word_1_277' title='bbox 1105 2854 1291 2906; x_wconf 80' lang='grc' dir='ltr'>ἀβλαβὴς</span> <span class='ocrx_word' id='word_1_278' title='bbox 1321 2854 1435 2907; x_wconf 83' lang='grc' dir='ltr'>ἐπῆν]</span> <span class='ocrx_word' id='word_1_279' title='bbox 1459 2853 1635 2894; x_wconf 86' lang='grc' dir='ltr'>οὐτίποτε</span> <span class='ocrx_word' id='word_1_280' title='bbox 1657 2857 1705 2892; x_wconf 92' lang='grc' dir='ltr'>Δ.</span> <span class='ocrx_word' id='word_1_281' title='bbox 1725 2852 1799 2903; x_wconf 80' lang='grc' dir='ltr'>μὲν</span> 
     </span>
     <span class='ocr_line' id='line_1_41' title="bbox 370 2921 1142 2983; baseline -0.01 -14"><span class='ocrx_word' id='word_1_282' title='bbox 370 2928 446 2970; x_wconf 83' lang='grc' dir='ltr'>τότ’</span> <span class='ocrx_word' id='word_1_283' title='bbox 468 2926 638 2980; x_wconf 82' lang='grc' dir='ltr'>ἐβλάβη,</span> <span class='ocrx_word' id='word_1_284' title='bbox 661 2926 757 2978; x_wconf 77' lang='grc' dir='ltr'>ἐπῆν</span> <span class='ocrx_word' id='word_1_285' title='bbox 778 2924 889 2966; x_wconf 88' lang='lat' dir='ltr'>Rob.</span> <span class='ocrx_word' id='word_1_286' title='bbox 910 2939 960 2965; x_wconf 87' lang='lat' dir='ltr'>ex</span> <span class='ocrx_word' id='word_1_287' title='bbox 980 2921 1142 2983; x_wconf 80' lang='lat' dir='ltr'>scholio.</span> 
     </span>
    </p>
   </div>
  </div>
 </body>
</html>
