1898 3256
718 231 807 273 AD
840 229 1090 272 PERSAS.
1553 225 1641 271 267

166 344 400 398 Τριτογενεῖ
426 345 585 396 ξύλινον
615 347 718 387 διδοῖ
744 345 915 398 εὐρύοπα
946 344 1056 391 Ζεὺς,
1080 346 1244 384 Μοῦνον
1270 343 1496 395 ἀπόρθητον
1526 342 1638 383 τελέ-

168 414 266 453 θειν.
299 412 450 468 Eurip.
475 411 595 454 Med.
619 412 714 455 820.
734 411 987 466 Ἐρεχθεῖδαι
1012 411 1059 452 τὸ
1085 410 1260 452 παλαιὸν
1281 411 1430 462 ὄλβιοι,
1454 410 1517 451 καὶ
1538 412 1640 451 θεῶν

166 481 305 522 παῖδες
322 479 520 533 μακάρων,
546 481 650 532 ἱερᾶς
669 480 802 534 χώρας
822 479 1044 533 ἀπορθήτου
1072 479 1105 519 τ’
1126 479 1454 531 ἆποφερβόμενοι
1485 482 1639 519 κλεινο-

166 546 290 588 τάταν
310 548 474 601 σοφίαν.
507 549 741 590 BLOMF.

224 627 324 670 349.
346 615 472 671 ἕρκος]
496 616 709 658 Sententia
725 631 751 657 a
770 615 912 657 multis
932 614 1173 657 auctoribus
1193 614 1353 656 diverse
1381 613 1542 670 prolata
1554 630 1567 666 3
1598 623 1641 655 et

167 683 348 739 primum
370 698 395 724 a
413 684 616 740 Lycurgo
635 683 678 725 in
699 684 892 741 Epistola
912 699 978 740 ap.
1003 683 1220 725 Plutarch.
1242 682 1285 724 in
1308 682 1393 724 Vit.
1415 698 1456 739 p.
1480 695 1550 737 95.
1572 682 1642 724 οὐκ

167 750 220 792 ἂν
240 752 298 802 εἵη
319 751 544 805 ἀτείχιστος
562 753 690 800 πόλις,
712 751 795 795 ἅτις
814 752 1008 805 ἀνδρείοις
1039 752 1103 793 καὶ
1129 751 1176 792 οὐ
1200 753 1382 800 πλίνθοις
1411 749 1641 803 ἐστεφάνω-

169 836 245 861 ται.
294 819 465 861 Alcaeus
491 819 608 876 apud
638 819 764 861 schol.
796 819 849 861 ad
882 820 923 861 h.
954 820 981 860 l.
1010 818 1181 873 Ἀνδρες
1211 821 1288 873 γὰρ
1317 820 1465 862 πόλεος
1492 819 1643 872 πύργος

168 887 315 941 ἀρήϊος.
350 888 456 945 lege,
485 886 655 942 Ἀνδρες
694 889 845 940 πόληος
879 889 1028 942 πύργος
1067 887 1206 941 ἀρήϊοι.
1254 886 1455 943 Thucyd.
1489 897 1530 940 7,
1571 897 1639 939 77.

162 954 332 1010 Ἄνδρες
351 958 428 1011 γὰρ
448 957 578 1005 πόλις,
602 957 665 998 καὶ
685 956 730 997 οὗ
750 957 875 1010 τείχη,
898 956 988 997 οὐδὲ
1018 959 1108 1008 νῆες
1132 957 1287 1009 ἀνδρῶν
1307 956 1429 997 κεναί.
1462 954 1534 996 ubi
1557 954 1639 996 vid.

169 1024 311 1066 Wass.
334 1025 607 1082 Palaephatus
631 1037 695 1079 17.
717 1025 822 1078 φασὶ
842 1026 899 1072 δὲ,
922 1025 982 1065 ὅτι
1004 1025 1067 1066 καὶ
1086 1027 1266 1078 χαλκοῦν
1288 1028 1421 1078 τεῖχος
1448 1025 1494 1076 τῇ
1524 1024 1642 1065 πόλει

169 1092 291 1134 αὐτοῦ
323 1092 631 1147 περιεβέβλητο·
664 1094 761 1146 ὅπερ
798 1093 884 1134 ἔστι
915 1092 1076 1147 ψευδές·
1109 1093 1275 1136 ὁπλίτας
1309 1095 1399 1146 γὰρ,
1434 1093 1484 1136 ὣς
1519 1092 1639 1144 οἶμαι,

170 1160 269 1216 εἶχε,
287 1161 359 1213 τὴν
379 1163 500 1204 πόλιν
521 1162 640 1204 αὐτοῦ
659 1162 947 1216 φυλάττοντας.
1011 1161 1207 1202 Senarius
1237 1160 1505 1218 proverbialis
1524 1159 1639 1217 apud

170 1229 462 1281 Plutarchum,
496 1230 654 1272 Schott.
686 1246 729 1287 p.
760 1231 858 1283 604.
885 1229 1055 1283 Ἀνδρες
1083 1229 1160 1283 γάρ
1192 1231 1295 1271 εἰσιν
1330 1231 1371 1271 αἱ
1394 1231 1545 1277 πόλεις,
1571 1228 1642 1270 οὐκ

167 1299 299 1340 οἰκίαι.
329 1298 404 1354 qui
432 1298 763 1355 πεπαρῳδημένος
782 1298 950 1339 videtur
969 1313 1021 1339 ex
1044 1296 1262 1354 Euripidis
1283 1297 1472 1354 Phnyxo,
1494 1298 1545 1338 Αἱ
1564 1298 1641 1350 γὰρ

168 1366 306 1410 πόλεις
335 1365 410 1408 εἵσ’
432 1367 584 1420 ἄνδρες,
608 1367 678 1408 οὐκ
699 1367 851 1420 ἐρημία.
899 1366 1095 1423 Sophocl.
1120 1365 1225 1407 OEd.
1250 1366 1305 1406 T.
1326 1366 1398 1420 56.
1418 1364 1495 1408 ‘sss-
1524 1363 1642 1406 οὐδέν

168 1435 282 1476 ἔστιν
311 1435 403 1476 οὔτε
430 1435 593 1488 πύργος,
626 1436 716 1477 οὔτε
746 1439 841 1479 ναῦς
869 1434 1057 1488 Ἔρημος,
1091 1436 1245 1487 ἀνδρῶν
1275 1433 1328 1486 μὴ
1359 1433 1643 1484 ξυνοικούντων

167 1502 262 1544 ἔσω.
325 1502 393 1544 Sic
413 1502 522 1544 enim
543 1502 943 1560 interpungendum.
991 1502 1168 1544 Tacitus
1189 1501 1304 1543 Hist.
1332 1515 1365 1542 1.
1391 1501 1537 1549 Quid?
1568 1514 1642 1542 vos

164 1570 493 1627 pulcherrimam
522 1571 629 1612 hanc
659 1572 802 1613 urbem
832 1571 1022 1613 domibus
1042 1577 1081 1612 et
1101 1571 1218 1612 tectis
1237 1576 1278 1612 et
1302 1575 1502 1626 congestu
1530 1569 1643 1626 lapi-

167 1639 270 1680 dum
289 1645 403 1681 stare
421 1639 623 1681 creditis?
656 1639 787 1680 Muta
817 1640 901 1680 ista
928 1645 968 1680 et
994 1640 1149 1680 inania
1178 1638 1426 1680 intercidere
1448 1652 1498 1678 ac
1517 1651 1640 1694 repa-

169 1708 265 1748 rari
286 1712 481 1764 possunt.
531 1707 767 1748 AEternitas
786 1720 943 1759 rerum,
971 1712 1011 1747 et
1030 1720 1122 1763 pax
1144 1708 1359 1763 gentium,
1379 1711 1419 1747 et
1438 1719 1530 1746 mea
1548 1720 1643 1747 cum

169 1781 312 1817 vestra
330 1776 446 1817 salus
465 1776 751 1817 incolumitate
768 1776 1171 1831 senatusflrmatur.
1205 1774 1442 1816 BLOMF.

226 1852 328 1898 350.
347 1843 565 1899 ξυμβολῆς]
588 1846 797 1896 σ-υμβολῆς
816 1842 927 1884 libri.

226 1923 252 1967 3
255 1923 324 1966 52.
347 1911 615 1967 καταυχήσας]
638 1911 941 1966 κατακαυχήσας
959 1910 1120 1968 aliquot
1139 1911 1260 1954 codd.
1282 1921 1324 1953 et
1344 1910 1447 1952 Ald.
1471 1911 1612 1952 Turn.

226 1990 325 2036 355.
342 1980 440 2033 ἀνὴρ
456 1978 717 2035 γᾶρ“Ελλην]
744 1979 826 2021 Cui
848 1994 997 2021 nomen
1017 1979 1192 2021 Sicinus.
1225 1978 1545 2021 Astutissimum
1564 1979 1642 2021 hoc

169 2048 467 2090 Themistoclis
494 2057 777 2090 commentum
809 2057 1010 2090 memorat
1042 2047 1289 2089 Herodotus
1311 2048 1351 2098 8,
1375 2049 1441 2103 76.
1470 2058 1511 2090 et
1532 2047 1639 2090 Dio-

168 2115 298 2158 dorus
324 2130 388 2167 11,
414 2126 480 2170 17.
514 2117 736 2158 STANL.

226 2186 325 2241 356.
360 2183 507 2241 Ξέρξῃ]
531 2184 607 2226 Vel
635 2184 776 2241 potius
804 2185 901 2238 πρὸς
930 2185 1020 2228 τοὺς
1039 2185 1284 2239 στρατηγοὺς
1310 2188 1388 2226 τῶν
1406 2185 1640 2238 βαρβάρων.

171 2253 241 2295 Ita
271 2252 529 2303 Herodotus,
550 2252 624 2310 qui
654 2262 695 2295 et
726 2253 865 2295 nuncii
896 2253 1024 2295 verba
1051 2252 1179 2310 paulo
1205 2254 1324 2295 aliter
1349 2253 1475 2295 refert
1506 2254 1546 2304 8,
1569 2263 1640 2309 75.

170 2321 330 2376 ἔπεμψέ
357 2338 407 2374 με
437 2321 657 2375 στρατηγὸς
686 2323 708 2362 ὁ
733 2320 958 2373 Ἀθηναίων
981 2320 1111 2375 λάθρη
1137 2326 1216 2364 τῶν
1243 2322 1382 2363 ἄλλων
1410 2320 1637 2373 Ἑλλήνων·

170 2389 359 2444 τυγχάνει
387 2391 464 2443 γὰρ
494 2388 678 2442 φρονέων
707 2390 757 2430 τὰ
786 2392 998 2440 βασιλῆος,
1034 2390 1099 2430 καὶ
1126 2390 1376 2442 βουλόμενος
1401 2393 1560 2441 μᾶλλον
1591 2391 1641 2432 τὰ

167 2457 339 2511 ὑμέτερα
368 2458 584 2510 κατύπερθε
610 2456 802 2510 γενέσθαι
826 2455 850 2508 ἢ
878 2458 927 2498 τὰ
953 2460 1031 2498 τῶν
1049 2455 1262 2509 Ἑλλήνων
1284 2457 1507 2511 πρήγματα·
1538 2458 1639 2512 φρά-

171 2541 298 2566 σοντα
324 2525 384 2566 ὅτι
407 2526 446 2566 οἱ
465 2522 669 2576 Ἕλληνες
696 2523 873 2577 δρησμὸν
897 2524 1164 2575 βουλεύονται
1194 2526 1543 2578 καταρρωδηκότες.
1577 2526 1640 2567 καὶ

172 2596 244 2634 νῦν
262 2592 429 2647 παρέχει
450 2591 668 2633 κάλλιστον
685 2591 808 2644 ὑμέας
838 2591 966 2645 ἔργων
985 2591 1171 2633 ἁπάντων
1192 2591 1497 2646 ἐξεργάσασθαι,
1518 2591 1568 2644 ἢν
1586 2593 1640 2645 μὴ

171 2661 368 2714 περιίδητε
398 2659 629 2713 διαδράντας
659 2659 812 2703 αὐτούς.
849 2660 940 2700 οὔτε
967 2660 1044 2713 γὰρ
1073 2659 1316 2712 ἀλλήλοισιν
1346 2660 1640 2714 ὁμοφρονέουσι

171 2727 262 2770 οὔτε
282 2727 587 2779 ἀντιστήσονται
605 2729 713 2780 ὑμῖν,
734 2727 830 2781 πρὸς
851 2728 1016 2770 ἑωυτούς
1042 2744 1086 2768 τε
1107 2726 1239 2781 σφέας
1261 2729 1419 2781 ὄψεσθε
1438 2729 1637 2783 ναυμαχέ-

170 2810 291 2839 οντας
319 2795 409 2839 τοὺς
435 2797 485 2837 τὰ
503 2795 674 2849 ὑμέτερα
702 2795 948 2850 φρονέοντας
979 2796 1042 2836 καὶ
1070 2795 1162 2839 τοὺς
1187 2795 1252 2848 μή.
1302 2796 1513 2837 Caeterum
1542 2811 1638 2838 cum

169 2875 310 2905 nostro
329 2862 532 2905 consentit
560 2863 729 2904 omnino
760 2862 888 2904 Diod.
918 2863 945 2904 l.
966 2878 1003 2904 c.
1036 2862 1173 2905 ἔπεισέ
1196 2863 1526 2917 (Themistocles)
1550 2881 1639 2906 τινα

170 2931 267 2985 πρὸς
296 2931 367 2973 τὸν
388 2930 542 2985 Ξέρξην
562 2931 846 2983 αὐτομολῆσαι,
870 2931 934 2972 καὶ
958 2932 1331 2984 διαβεβαιώσασθαι
1351 2932 1449 2973 διότι
1466 2931 1638 2984 μέλλου-

851 3013 876 3039 Ι,
900 2998 911 3039 l
937 3010 960 3038 2
