1898 3256
325 218 379 256 50
797 219 1289 259 ANNOTATIONES

384 325 478 376 248.
511 324 545 378 γ’
567 340 615 366 ex
647 325 802 381 aliquot
831 326 948 367 codd.
971 327 1173 376 additum,
1195 326 1299 367 inter
1319 340 1422 381 quos
1453 326 1517 365 M.
1538 339 1622 365 esse
1644 324 1755 366 vide-

326 401 407 431 tur.
437 391 468 432 τ’
492 393 633 448 Steph.

383 469 477 513 250.
502 457 713 513 κατῴκισα]
739 460 959 502 κατοικίσας
980 458 1200 514 Nicephor.
1221 458 1273 499 ad
1296 460 1438 514 SyneS.
1459 472 1499 513 p.
1516 458 1613 505 406.

383 525 479 578 258.
500 525 612 578 ὅταν]
637 524 690 565 ὅτ’
714 525 763 566 ἂν
783 526 850 565 Μ.

383 593 477 634 262.
510 591 661 646 ἄθλων]
692 593 814 632 ἄθλου
844 593 1026 633 Α.Β.Μ.
1055 591 1205 647 aliique
1235 591 1365 631 multi.
1413 590 1545 630 ἄθλων
1576 591 1644 643 (ex
1675 604 1759 643 quo

325 658 449 698 ἆθλον
467 666 706 712 corruptum
725 657 766 697 in
788 657 908 710 Ald.)
931 672 1023 698 cum
1045 656 1132 698 aliis
1153 658 1262 698 Rob.
1285 658 1418 697 Turn.
1466 656 1581 696 Infra
1602 671 1640 696 v.
1663 666 1757 709 752.

324 724 348 775 ἦ
379 727 573 766 δυσπετῶς
603 724 651 765 ἂν
677 725 764 767 τοὺς
798 724 912 776 ε’μοὺς
945 725 1089 767 ἄθλους
1122 724 1270 778 φέροις.
1322 723 1473 765 ’Άθλου
1507 739 1555 764 ex
1592 739 1634 763 v.
1662 732 1756 776 257.

323 789 481 831 illatum
503 806 587 831 esse
606 790 836 846 suspicatur
855 790 1087 832 Elmsleius.

383 859 477 911 263.
502 856 699 911 ἐλαφρὸν]
723 856 946 911 Phrynich.
966 856 1007 896 in
1030 856 1161 897 Bekk.
1185 856 1345 897 Anecd.
1362 871 1404 911 p.
1426 856 1498 910 38‚
1522 866 1560 908 7.
1583 854 1759 907 ἐλαφρὸν

323 927 527 975 παραινεῖν
555 926 605 977 τῷ
637 927 757 965 κακῶς
785 923 1012 974 πεπραγότι.
1051 923 1228 974 ἐλαφρὸν
1253 923 1433 973 σημαίνει
1459 922 1502 962 τὸ
1534 920 1668 975 ῥᾴδιον
1698 922 1760 961 καὶ

326 992 488 1042 κοῦφον.
508 990 676 1030 Terent.
689 988 823 1029 Andr.
837 1001 874 1038 2,
888 1002 903 1028 1
913 1019 923 1038 ‚
937 1002 953 1028 1
966 1002 980 1028 1
991 1019 1000 1028 .
1010 989 1153 1029 Facile
1164 1003 1300 1029 omnes
1314 1004 1438 1044 quum
1453 988 1634 1029 valemus
1649 994 1760 1028 recta

323 1056 495 1096 consilia
516 1058 686 1112 oegrotis
705 1056 864 1096 damus.
924 1055 1045 1104 Quod
1067 1070 1118 1095 ex
1140 1055 1361 1095 Menandri
1385 1070 1502 1095 versu
1522 1069 1758 1110 expressum

325 1121 449 1162 fuisse
479 1131 593 1162 notat
623 1123 819 1162 Muretus
849 1124 900 1162 V.
930 1123 984 1162 L.
1015 1135 1050 1171 1,
1080 1135 1119 1176 9.
1148 1121 1282 1174 Ὕγιὴς
1313 1124 1504 1162 νοσοῦντα
1532 1122 1659 1174 ῥᾷστα
1686 1123 1762 1163 πᾶς

325 1206 381 1232 τις
401 1193 586 1230 νουθετεῖ.
619 1190 847 1230 BLOMF.
899 1188 1033 1229 Verba
1061 1203 1086 1228 a
1117 1188 1353 1244 Phrynicho
1372 1187 1494 1228 allata
1516 1187 1658 1228 comici
1687 1186 1760 1227 ali·

325 1256 444 1311 cujus
464 1255 644 1296 senarius
665 1271 750 1296 esse
770 1255 974 1296 videntur.

385 1324 479 1373 264.
509 1322 578 1362 τὸν
599 1326 718 1365 κακῶς
744 1321 954 1374 πράσσοντ’
978 1321 1197 1362 Stanleius.
1250 1321 1364 1361 Libri
1387 1321 1475 1363 τοὺς
1496 1325 1616 1363 κακῶς
1634 1320 1758 1372 πράσ-

326 1405 482 1430 σοντας.
542 1387 747 1428 Pluralem
769 1387 808 1428 in
831 1388 1037 1428 sententiis
1064 1387 1322 1443 generalibus
1340 1386 1534 1442 singulari
1554 1386 1759 1427 interdum

326 1454 624 1495 substituerunt
644 1454 809 1495 librarii.
842 1454 906 1495 Sic
927 1456 1106 1495 Eumen.
1124 1468 1222 1509 313·
1245 1454 1333 1496 τοὺς
1351 1455 1424 1505 μὲν
1441 1455 1609 1506 καθαρὰς
1628 1458 1763 1507 χεῖρας

325 1519 618 1573 προσνέμοντας
636 1520 678 1560 in
698 1520 810 1561 libris
829 1520 978 1575 legitur
998 1535 1073 1575 pro
1092 1520 1160 1561 τὸν
1179 1521 1252 1571 μὲν
1273 1521 1441 1572 καθαρὰς
1466 1523 1600 1572 χεῖρας
1625 1517 1763 1571 προνέ-

325 1586 448 1638 μοντ’.

385 1655 478 1706 267.
500 1653 531 1694 δ’
552 1668 632 1694 om.
656 1654 720 1693 M.
743 1653 853 1693 Rob.

384 1719 569 1775 εὑρόμην]
592 1719 860 1761 Scribendum
881 1720 1051 1772 ηὑρόμην
1070 1734 1120 1760 ex
1143 1718 1338 1760 Cantabr.
1362 1716 1556 1758 secundo.

385 1788 478 1829 268.
512 1787 557 1827 οὗ
584 1786 661 1838 μήν
689 1786 744 1841 τι]
778 1786 952 1827 Codices
980 1785 1163 1826 nonnulli
1185 1786 1229 1825 οὐ
1248 1784 1322 1836 μέν
1342 1801 1401 1825 τοι
1433 1794 1478 1824 ut
1496 1782 1613 1830 Ald.‚
1636 1782 1699 1823 vel
1719 1782 1764 1822 οὗ

325 1852 399 1904 μέν
418 1870 454 1893 τι
476 1862 520 1893 ut
537 1853 689 1901 Turn„
712 1851 778 1892 alii
799 1852 844 1893 οὗ
862 1852 939 1904 μήν
958 1869 1032 1903 τοι,
1053 1852 1097 1892 οὗ
1115 1851 1191 1904 μήν
1210 1868 1269 1904 γε.

383 1919 418 1973 γ’
440 1934 520 1960 om.
543 1919 699 1974 aliquot
718 1918 839 1959 codd.
861 1928 900 1959 et
922 1918 1023 1959 Ald.
1047 1918 1156 1959 Rob.
1180 1919 1313 1958 Turn.

383 1987 544 2039 τοίαισι]
579 1985 707 2026 Haud
739 1985 856 2025 facile
884 1985 1123 2025 crediderim
1155 1984 1354 2039 tragicum
1385 1984 1529 2024 τοίαισι
1558 1982 1763 2022 dicturum

326 2053 464 2100 fuisse,
485 2066 613 2107 quum
635 2051 775 2092 eadem
796 2065 919 2106 opera
939 2050 1111 2091 scribere
1140 2060 1275 2105 posset
1294 2052 1481 2090 τοιαῖσδε.
1532 2050 1599 2088 De
1618 2063 1702 2103 qua
1722 2063 1765 2087 re

329 2119 447 2175 plura
465 2134 503 2160 v,
519 2118 571 2158 ad
593 2133 630 2157 v,
653 2118 746 2172 908.
779 2118 930 2157 ELM.

386 2187 480 2239 269.
499 2187 844 2237 κατισχνανεῖσθαι
864 2184 918 2224 D.
964 2183 1100 2238 Vulgo
1119 2184 1452 2235 κατισχανεῖσθαι.

385 2251 626 2306 πεδαρσίοις]
659 2250 851 2306 Toupius
879 2250 920 2290 in
953 2249 1121 2290 Suidam
1142 2262 1182 2303 3.
1212 2264 1256 2305 p.
1280 2249 1345 2289 88.
1375 2263 1455 2289 non
1488 2248 1592 2288 male
1621 2246 1762 2300 πεδάρ-

330 2335 429 2359 σιον.
461 2318 692 2358 BLOMF.

389 2394 483 2437 271.
505 2384 571 2424 καί
585 2384 670 2437 μοι]
695 2384 818 2424 καίτοι
840 2383 948 2423 Rob.
970 2391 1011 2423 et
1031 2396 1172 2436 margo
1193 2395 1266 2421 mS.
1285 2395 1352 2436 ap.
1376 2379 1540 2420 Morell.

384 2450 436 2502 μὴ
456 2448 607 2503 δύρεσθ’
630 2450 695 2490 Μ.
727 2449 864 2505 Vulgo
882 2450 934 2501 μὴ
952 2447 1116 2501 ’δύρεσθ’
1123 2479 1132 2488 .
1184 2446 1301 2488 Libri
1330 2445 1486 2501 aliquot
1514 2445 1566 2497 μὴ
1588 2444 1764 2498 ὀδύρεσθ’

331 2517 394 2558 vel
413 2517 632 2569 μόδύρεσθ’.

389 2596 482 2637 272.
522 2582 651 2637 πέδοι]
697 2582 959 2623 Scribebatur
996 2585 1119 2628 πεδοῖ,
1159 2579 1433 2621 consentiente
1464 2577 1686 2619 Eustathio
1723 2592 1766 2632 p.

336 2651 457 2705 1839,
477 2661 545 2704 57.
567 2649 680 2705 quod
703 2648 859 2690 correxi
882 2663 933 2689 ex
954 2649 984 2688 J
987 2662 1108 2688 oann.
1130 2646 1252 2688 Alex.
1275 2663 1357 2687 τον.
1377 2662 1552 2698 παραγγ.
1574 2659 1615 2700 p.
1637 2645 1708 2698 36,
1728 2644 1765 2693 8,

332 2721 380 2760 τὰ
409 2718 484 2759 ἀπὸ
513 2719 742 2770 βαρυτόνων
769 2717 993 2769 βαρύνεται,
1025 2715 1097 2766 ἔξω
1125 2714 1217 2765 ἕξοι,
1246 2712 1367 2755 πέδον
1393 2712 1513 2754 πέδοι.
1547 2717 1574 2736 “
1588 2710 1698 2752 πέδοι
1725 2713 1768 2751 δὲ

331 2785 478 2837 βᾶσαι”
500 2785 700 2837 Αἰσχύλος
719 2786 921 2836 Προμηθεῖ
945 2783 1132 2838 δεσμώτῃ.
1194 2781 1311 2822 Idem
1342 2778 1527 2835 praecipit
1557 2777 1767 2819 scholiasta

333 2851 521 2907 Dionysii
543 2851 647 2891 Thr.
669 2851 710 2890 in
733 2849 866 2890 Bekk.
889 2848 1047 2889 Anecd.
1071 2863 1111 2903 p.
1134 2858 1233 2902 945,
1257 2859 1292 2887 2.
