1898 3256
373 202 458 242 ‘248
844 201 1342 242 ANNOTATIONES

430 315 589 363 πεῖσμα,
621 313 764 352 Navis
791 312 1075 353 retinaculum.
1105 313 1301 363 πείσματα
1320 313 1368 352 τὰ
1382 314 1448 362 τῆς
1466 312 1616 364 πρώρας
1637 314 1808 364 σχοινία,

373 378 496 419 schol.
512 378 652 434 Apoll.
665 378 826 419 Rhoda
837 410 846 419 .
861 380 886 419 6
887 390 912 432 5
919 390 955 420 2,
973 379 1192 429 Πείσματα.
1211 379 1368 431 σχοινία
1380 378 1558 430 ἀπόγεια,
1572 377 1806 429 πρυμνήσια.

375 445 560 500 Hesyoh.
592 447 747 486 Contra
781 445 940 492 Suidas,
974 446 1182 495 Πείσματα
1213 445 1261 484 τὰ
1294 444 1476 495 ἆγκύρεια
1507 444 1676 496 σχοινία.
1707 446 1812 496 παρὰ

374 511 418 551 τὸ
447 512 651 552 πείθεσθαι
681 511 725 553 δι’
758 512 881 552 αὐτῶν
913 512 983 562 τὴν
1011 515 1119 557 ναῦν,
1150 525 1174 550 a
1202 525 1285 564 quo
1316 508 1501 550 dissentit
1528 508 1711 564 Etymol.
1746 510 1810 550 M.

374 592 414 633 p.
436 579 530 627 668,
550 591 618 627 41.
641 579 859 629 Πείσματα,
881 580 929 618 τὰ
953 578 1120 629 ἀπόγεια
1139 577 1309 629 σχοινία,
1331 576 1481 616 πείθειν
1507 575 1570 616 καὶ
1599 577 1715 616 εἴκειν
1741 575 1811 627 τὴν

374 647 471 685 ναῦν
499 647 691 691 ποιοῦσιν,
718 643 884 698 quicum
914 643 1012 684 facit
1043 642 1238 683 Eustath.
1266 641 1318 682 ad
1344 641 1466 681 Iliad.
1499 645 1545 682 A.
1577 656 1620 697 p.
1650 655 1741 696 131,
1771 652 1810 694 7.

375 710 547 751 Rectius
593 719 729 750 autem
778 710 1050 751 retinaculum
1090 723 1213 764 quam
1253 709 1408 749 rudens
1447 718 1639 750 vertetur.
1690 710 1809 750 Nost.

375 778 526 831 Agam.
553 778 643 830 196.
676 781 774 817 νεῶν
802 793 844 816 τε
875 776 937 816 καὶ
955 774 1179 826 πεισμάτων
1199 776 1383 827 ἀφειδεῖς.
1433 775 1578 830 Suppl.
1602 777 1697 827 761.
1718 774 1810 816 Οὐδ’

375 844 503 895 ὅρμος,
525 843 612 883 οὐδὲ
633 841 858 892 πεισμάτων
878 842 1047 893 σωτηρία
1066 843 1135 883 Εἰς
1155 843 1230 893 γῆν
1251 842 1439 893 ἐνεγκεῖν,
1462 840 1539 881 οὐδ’
1563 843 1606 882 ἐν
1626 842 1811 894 ἀγκυρου-

374 910 489 962 χίαις.
533 909 599 950 Cf.
620 907 769 963 Eurip.
792 907 956 947 Hecub.
977 917 1096 959 1070.
1118 906 1292 962 Hippol.
1315 909 1409 959 762.
1442 908 1668 949 BLOMF.

434 988 526 1030 113.
547 974 755 1028 μηχαναῖς]
779 972 1048 1014 Scribendum
1068 977 1262 1026 μαχαναῖς
1281 987 1374 1014 cum
1391 973 1645 1015 Blomfieldo.
1677 974 1812 1015 Verba

375 1042 463 1098 ipsa
483 1041 535 1082 de
554 1041 728 1082 navibus
747 1055 832 1080 esse
851 1039 1115 1094 intelligenda
1136 1039 1293 1079 monuit
1314 1039 1540 1081 scholiasta.

436 1122 528 1161 114.
548 1108 632 1161 μοι]
659 1106 928 1148 Scribendum
949 1123 1024 1158 μου
1043 1121 1094 1146 ex
1115 1107 1178 1146 M.
1200 1105 1370 1160 aliisque
1389 1105 1605 1147 nonnullis.

431 1174 699 1227 μελαγχίτων]
725 1174 850 1214 Pulla
871 1179 977 1214 veste
996 1173 1181 1213 amictus.
1213 1172 1399 1212 Fortiore
1419 1172 1657 1227 metaphora
1675 1172 1811 1227 expri-

376 1255 485 1281 mere
515 1240 642 1280 voluit
678 1239 960 1289 Homericum,
996 1238 1117 1279 Iliad.
1146 1242 1186 1279 P.
1215 1239 1281 1292 83.
1307 1237 1479 1291 ‘'Ex-rupa
1510 1239 1540 1280 δ’
1574 1239 1685 1280 αἰνὸν
1717 1240 1813 1293 ἄχος

376 1309 527 1349 πύκασε
556 1307 702 1360 φρένας
721 1308 1020 1360 ἆμφιμελαίνας.
1051 1315 1091 1346 et
1111 1309 1159 1346 A.
1185 1319 1278 1359 103.
1306 1306 1445 1357 μένεος
1472 1308 1514 1347 δὲ
1540 1306 1643 1359 μέγα
1671 1307 1813 1359 φρένες

377 1374 661 1427 ἀμφιμέλαιναι
690 1371 924 1425 Πίμπλαντ“.
957 1372 1027 1413 ubi
1057 1372 1181 1413 schol.
1215 1373 1360 1413 Venet.
1381 1373 1452 1424 ἤδη
1483 1375 1526 1414 δὲ
1561 1375 1599 1414 οἱ
1633 1375 1813 1426 νεώτεροι

375 1443 566 1493 μελαίνας
598 1443 668 1483 τὰς
700 1440 846 1493 φρένας
881 1441 1018 1492 φασίν.
1077 1438 1219 1480 Nostri
1252 1438 1465 1480 scholiasta
1499 1441 1729 1480 Homerum
1768 1439 1811 1480 in

374 1504 510 1545 animo
539 1504 694 1554 habuit,
725 1519 855 1559 quum
887 1504 1136 1557 μελαγχίτων
1165 1519 1240 1559 per
1274 1503 1542 1556 ἀμφιμέλαινα
1576 1504 1809 1560 explicaret.

377 1571 492 1612 Male
521 1581 656 1613 autem
687 1571 822 1627 pergit
849 1572 873 1622 ἡ
899 1571 1041 1621 συνετὴ
1071 1570 1132 1611 καὶ
1159 1572 1202 1610 ἐν
1227 1569 1346 1621 βάθει
1370 1569 1537 1621 κειμένη,
1566 1571 1628 1611 καὶ
1658 1571 1813 1623 ἀφανὴς

377 1640 489 1680 οῧσα.
521 1654 605 1694 quo
624 1639 666 1679 in
686 1653 820 1679 errore
840 1637 987 1678 versati
1017 1645 1113 1677 sunt
1134 1636 1308 1677 Homeri
1338 1635 1590 1692 interpretes,
1612 1646 1653 1677 et
1673 1638 1810 1694 Hesy-

377 1705 507 1756 chius,
530 1706 727 1746 Μέλαιναι
755 1703 909 1758 φρένες,
932 1705 972 1744 αἱ
988 1706 1161 1755 βαθεῖαι,
1183 1702 1265 1743 imo
1294 1703 1446 1751 tristes,
1466 1703 1648 1744 solicitae.
1700 1704 1813 1745 The-

378 1772 496 1828 ognis
519 1785 637 1827 1199.
658 1772 724 1812 καί
737 1787 803 1822 μοι
823 1771 980 1821 κραδίην
1001 1768 1169 1819 ἐπάταξε
1196 1768 1402 1820 μέλαιναν,
1418 1767 1532 1810 ‘'Ori-c.
1549 1787 1615 1821 μοι
1642 1771 1814 1814 εὐανθεὶς

377 1841 495 1880 ἄλλοι
525 1839 686 1892 ἔχουσιν
715 1839 869 1891 ἀγρούς.
917 1838 1068 1878 Noster
1088 1836 1275 1891 Choeph.
1295 1848 1395 1888 411.
1427 1835 1645 1889 Σπλάγχνα
1675 1836 1719 1878 δέ
1746 1854 1813 1888 μοι

379 1909 624 1947 κελαινοῦ-ται
654 1905 750 1958 πρὸς
786 1904 877 1946 ἔπος
911 1905 1118 1944 κλύουσαν.
1153 1903 1299 1958 Suppl.
1331 1914 1426 1956 792.
1466 1904 1735 1956 Μελανόχρως
1770 1904 1813 1944 δὲ

378 1972 577 2013 πάλλεταί
605 1988 678 2023 μου
711 1972 857 2023 καρδία.
909 1969 1099 2025 Sophocl.
1130 1970 1250 2025 Ajac.
1281 1971 1376 2025 968.
1402 1969 1460 2010 *H
1491 1971 1541 2022 ῥα
1571 1969 1813 2011 κελαινωπὸν

380 2039 516 2090 Θυμὸν
547 2039 758 2091 ἐφυβρίζει.
791 2037 862 2078 ubi
893 2036 1056 2092 egregia
1082 2037 1271 2092 quaedam
1299 2036 1509 2078 adnotavit
1533 2036 1812 2092 Musgravius.

380 2105 446 2145 Cf.
470 2104 664 2145 Gataker.
686 2105 738 2144 ad
758 2105 823 2144 M.
845 2103 1046 2144 Antonin.
1067 2117 1107 2155 4,
1131 2104 1197 2145 28.
1230 2102 1352 2144 Solon
1373 2118 1438 2158 ap.
1460 2103 1585 2158 Diog.
1607 2104 1750 2144 Laert.
1776 2117 1811 2154 1,

379 2174 447 2212 61.
480 2175 646 2224 γλῶσσα
675 2170 719 2211 δέ
744 2172 781 2210 οἰ
813 2172 1016 2223 διχόμυθος
1043 2169 1113 2211 Ἐκ
1135 2172 1322 2222 μελαίνης
1349 2169 1493 2223 φρενὸς
1525 2173 1691 2223 γεγωνῇ.
1742 2171 1809 2213 Cf.

379 2237 561 2278 Lobeck.
594 2238 646 2278 ad
688 2237 876 2292 Sophocl.
919 2237 990 2292 Aj.
1023 2250 1117 2291 945.
1150 2238 1379 2277 BLOMF.
1441 2238 1612 2278 Sensum
1647 2245 1688 2277 et
1717 2251 1812 2277 con-

378 2304 639 2346 structionem
668 2304 792 2345 totius
821 2303 899 2344 loci
929 2313 1037 2344 recte
1067 2302 1286 2343 declaravit
1317 2302 1563 2353 Brunckius,
1598 2305 1661 2344 διὰ
1693 2306 1812 2344 ταῦτα

378 2375 578 2424 φοβοῦμαι
597 2373 692 2424 ὑπὲρ
712 2375 779 2412 τοῦ
797 2374 992 2423 Περσικοῦ
1011 2371 1307 2423 στρατεύματος,
1327 2370 1379 2421 μὴ
1399 2371 1513 2412 πόλις
1531 2371 1695 2420 πύθηται
1716 2401 1725 2410 .
1743 2400 1753 2411 .
1771 2401 1780 2409 .
1801 2399 1812 2409 .

379 2440 441 2480 καὶ
461 2438 505 2479 τὸ
527 2440 718 2480 Κίσσινον
747 2437 906 2489 πόλισμ’
935 2438 1165 2478 ἀντίδουπον
1190 2437 1362 2483 ἔσσεται,
1385 2440 1452 2477 τοῦ
1481 2439 1814 2489 γυναικοπληθοῦς

378 2507 516 2558 ὁμίλου
538 2506 739 2552 ἀπύοντος,
763 2505 823 2551 ὀᾶ,
847 2504 908 2544 καὶ
925 2503 977 2555 μὴ
996 2507 1238 2544 λακισθῶσιν
1257 2504 1294 2544 οἱ
1311 2503 1497 2554 βύσσινοι
1516 2502 1670 2543 πέπλοι.

438 2585 456 2612 1
470 2585 481 2612 ι
490 2584 532 2626 5.
554 2570 789 2626 ἀμύσσεται]
812 2571 1000 2622 ἆμύσεται
1021 2571 1086 2610 Μ.
1128 2570 1279 2610 Versus
1299 2569 1340 2609 hi
1361 2569 1415 2610 sic
1436 2578 1528 2610 sunt
1549 2568 1757 2610 dividendi

826 2636 945 2677 ταῦτά
963 2637 1209 2690 μου-φόβῳ

828 2705 889 2752 ὀᾶ,

829 2769 1282 2821 Περσικοῦ-Σουσίδος.

829 2836 892 2876 καὶ
911 2834 1163 2888 ’τὸ-ᾅσεται.
