1898 3256
357 219 412 260 78
826 216 1318 258 ANNOTATIONES

350 344 536 371 παυστος.
559 326 742 383 Hesych.
773 328 967 369 Eustath.
987 327 1040 368 ad
1062 327 1114 368 Il.
1131 331 1181 368 X.
1204 342 1247 382 p.
1268 327 1390 377 1260,
1404 339 1445 378 4.
1464 324 1725 376 Ἐνθυμητέον
1745 326 1786 365 δὲ

352 395 517 434 ἐνταῦθα
537 394 600 434 καὶ
619 394 679 433 ὅτι
698 393 742 433 τὸ
768 393 1012 444 σβέννυσθαι
1037 394 1083 435 οὐ
1107 394 1229 444 μόνον
1253 394 1316 434 ἐπὶ
1344 393 1474 444 πυρὸς,
1497 393 1603 435 ἀλλὰ
1633 392 1694 431 καὶ
1723 391 1787 431 ἐπὶ

350 459 499 500 ἄλλων.
520 460 570 501 ὡς
588 462 777 511 μυριαχοῦ
796 460 990 511 φαίνεται.
1024 460 1066 499 ἐν
1085 460 1142 502 οἷς
1170 460 1233 500 καὶ
1256 459 1300 499 τὸ
1322 458 1404 499 καθ’
1434 456 1787 509 Ἡσίοδον-γάλα

350 527 471 577 αἰγῶν
502 524 863 576 σβεννυμενάων-
896 526 998 580 (Op.
1033 537 1056 567 2
1064 554 1074 574 ‚
1109 524 1223 578 209.)
1260 525 1282 564 ὅ
1314 526 1397 565 ἐστι
1429 523 1690 574 παυσαμένων
1718 525 1786 563 τοῦ

351 590 546 642 θηλάζειν.
581 592 734 645 Agam.
765 591 859 631 888.
907 589 1025 641 Ἐμοί
1060 607 1107 642 γε
1139 592 1213 641 μὲν
1246 590 1291 640 δὴ
1324 590 1553 641 κλαυμάτων
1585 590 1788 630 ἐπίσσυτοι

350 657 483 709 Πηγαὶ
513 657 816 708 κατεσβήκασιν.
849 667 889 697 et
915 659 1012 710 960.
1045 657 1154 697 ἔστιν
1183 656 1393 703 θάλασσα;
1425 657 1481 698 τίς
1510 655 1554 696 δέ
1581 672 1642 696 νιν
1671 671 1786 695 κατα-

350 723 517 773 σβέσει;
570 724 681 764 Pers.
718 724 817 777 584.
859 722 1017 775 Μητρὸς
1056 724 1096 763 δὲ
1136 723 1264 775 πηγὴν
1302 724 1359 765 τίς
1394 721 1635 773 κατασβέσει
1673 723 1782 772 δίκης

354 790 582 830 BLOMF.

403 865 500 909 534.
522 856 600 895 τόδ’
621 854 799 909 ἐμμένοι]
822 857 909 896 τόδε
927 854 1038 906 μένοι
1059 855 1158 896 Ald.
1182 857 1318 895 Turn.

405 934 459 975 53
461 930 503 974 5.
527 922 719 975 ἐκτακείη]
744 922 954 961 Memoria
974 923 1153 962 eoecidat.
1200 921 1266 962 Sic
1287 920 1438 962 Critias
1457 935 1524 976 ap.
1544 920 1699 962 Athen.
1718 934 1784 961 10.

349 1002 390 1042 p.
412 1000 496 1040 432
518 988 571 1027 E.
593 990 707 1037 λῆσις
727 986 757 1028 δ’
781 986 928 1037 ἐκτήκει
947 988 1199 1038 μνημοσύνην
1218 988 1430 1038 πραπίδων.
1491 988 1590 1027 Post
1611 986 1785 1038 ἐκτακείη

348 1068 506 1093 comma
522 1063 712 1108 ponatur.
771 1053 877 1093 Nam
899 1054 987 1094 τόδε
1007 1053 1059 1093 ad
1079 1052 1288 1107 sequentia
1307 1053 1494 1102 refertur,
1516 1054 1586 1104 ἡδύ
1604 1070 1640 1093 τι
1659 1063 1735 1094 etc.

404 1120 501 1174 538.
524 1121 697 1160 Comma
715 1119 757 1159 in
777 1118 984 1160 codicibus
1004 1118 1209 1159 nonnullis
1229 1133 1308 1159 non
1324 1128 1429 1169 ante,
1447 1119 1518 1160 sed
1533 1129 1625 1175 post
1640 1125 1785 1173 φαναῖς

349 1185 541 1240 positum.
577 1185 846 1227 Manifestum
870 1200 965 1226 vero
985 1190 1129 1238 φαναῖς
1147 1185 1284 1240 aptius
1303 1185 1356 1231 ad
1377 1186 1648 1238 εὐφροσύναις,
1670 1186 1784 1242 quod

349 1251 530 1306 epitheto
549 1261 652 1293 esset
671 1251 911 1301 cariturum,
934 1251 1075 1292 referri
1093 1266 1216 1306 quam
1238 1251 1290 1293 ad
1312 1251 1459 1292 ἐλπίσι.

404 1329 503 1372 540.
542 1318 768 1372 δερκομένη]
814 1317 1081 1359 Scribendum
1122 1317 1334 1370 δερκομένα
1371 1333 1422 1358 ex
1461 1319 1574 1359 A.B.
1615 1318 1784 1374 aliisque

350 1384 471 1426 codd.

405 1462 502 1506 541.
523 1452 623 1492 Post
643 1451 935 1502 διακναιόμενον
954 1449 1195 1491 exciderunt
1214 1449 1380 1506 syllabae
1399 1459 1595 1505 quattuor
1613 1474 1642 1480 —
1659 1474 1689 1480 -
1702 1472 1730 1490 υ
1743 1475 1785 1492 -.

405 1530 504 1571 ¹543.
535 1516 578 1558 ἐν
609 1518 684 1571 ἰδίᾳ
712 1519 844 1570 γνώμῃ
873 1518 1026 1571 (γνώμᾳ
1054 1516 1172 1557 codd.
1194 1516 1320 1572 duo)]
1341 1516 1398 1567 ἐν,
1419 1532 1503 1572 quo
1521 1516 1612 1557 libri
1632 1527 1784 1566 carent,

349 1598 400 1624 ex
436 1583 666 1624 Blomfieldi
705 1583 881 1625 editione
914 1582 1089 1639 irrepsit,
1120 1582 1193 1638 qui
1228 1583 1454 1623 Burneium
1489 1591 1574 1624 erat
1609 1592 1783 1624 secutus.

348 1649 433 1690 Alii
454 1650 533 1691 alia
552 1650 812 1705 conjecerunt
827 1664 933 1690 verae
951 1649 1082 1704 ignari
1102 1649 1314 1704 scripturae
1335 1650 1482 1703 αὐτόνῳ
1497 1650 1645 1704 γνώμᾳ,
1661 1651 1726 1705 cuj
1734 1665 1780 1692 us

347 1715 548 1771 glossema
566 1726 627 1757 est
643 1717 718 1771 ἰδίᾳ
736 1717 879 1769 γνώμῃ.
913 1716 980 1757 Sic
996 1716 1236 1768 αὐτόγνωτος
1251 1715 1363 1771 apud
1384 1716 1511 1770 Soph.
1525 1716 1668 1772 Antig.
1687 1718 1781 1771 875.

349 1798 422 1838 per
443 1783 680 1835 ἶδιογνῶμων
699 1781 875 1837 explicat
895 1783 1038 1837 Etym.
1061 1783 1124 1822 M.
1146 1797 1189 1837 p.
1208 1793 1302 1836 173,
1323 1783 1395 1836 38.

406 1849 541 1905 σέβει]
566 1848 683 1890 Libri
705 1849 822 1900 σέβῃ.

404 1929 500 1970 544.
522 1915 702 1972 θνατοὺς]
726 1915 885 1967 θνητοὺς
905 1914 1005 1956 Ald.
1027 1914 1136 1956 Rob.

403 1983 643 2036 545—-560.
668 1982 820 2022 Versus
839 1981 881 2022 in
901 1981 994 2022 edd.
1015 1990 1116 2022 vett.
1139 1981 1194 2022 sic
1213 1979 1346 2029 divisi,
1368 1979 1453 2033 φέρ’
1475 1982 1577 2023 ὅπως
1595 1981 1730 2034 ἄχαρις
1754 1981 1762 2034 Ι

348 2048 461 2102 χάρις
510 2047 517 2103 Ι
542 2049 599 2091 τίς
626 2071 683 2081 —-·
707 2046 714 2102 Ι
740 2049 1013 2100 ὀλιγοδρανίην
1040 2071 1098 2078 —
1120 2049 1127 2101 Ι
1151 2047 1194 2087 τὸ
1252 2050 1392 2098 φωτῶν
1419 2071 1473 2078 —
1500 2046 1506 2101 Ι
1532 2047 1728 2088 οὔποτε-
1752 2046 1759 2101 Ι

348 2115 553 2166 παρεξίασι
571 2114 727 2165 βουλαί·
756 2113 762 2168 Ι
789 2114 990 2164 ἔμαθον-
1015 2113 1021 2168 Ι
1046 2111 1328 2165 προσιδοῦσ’-
1352 2111 1360 2168 Ι
1385 2112 1429 2152 τὸ
1450 2114 1727 2165 διαμφίδιον-
1751 2111 1758 2168 Ι

348 2179 484 2223 τόδ’-
506 2180 515 2236 Ι
541 2180 615 2221 σὸν
633 2182 896 2231 ὑμεναίουν-
922 2179 928 2235 Ι
952 2179 1154 2232 ἤγαγες-
1179 2178 1186 2234 Ι
1211 2179 1402 2220 πιθὼν-.

403 2258 504 2300 545.
535 2247 671 2299 ἄχαρις
699 2246 811 2299 χάρις
839 2245 960 2286 codd.
991 2245 1176 2301 plerique
1204 2255 1243 2284 et
1272 2246 1406 2284 Turn.
1428 2245 1541 2298 χάρις
1560 2246 1697 2299 ἄχαρις
1717 2246 1780 2286 Μ.

347 2313 497 2368 aliique
526 2313 709 2355 nonnulli
739 2323 780 2354 et
811 2313 912 2356 Ald.
948 2313 1054 2354 Rob.
1088 2313 1231 2369 Steph.
1292 2312 1552 2354 constructio
1585 2322 1658 2361 est,
1694 2311 1781 2365 φέρ’

349 2381 445 2428 εἰπὲ,
467 2381 568 2423 ὅπως
587 2381 725 2433 ἄχαρις
743 2379 866 2432 χάρις.
897 2379 1012 2432 χάριν
1032 2379 1172 2433 ἄχαριν
1193 2378 1432 2420 beneficium
1453 2389 1569 2420 vocat
1597 2394 1670 2433 pro
1699 2394 1784 2434 quo

348 2445 543 2489 damnum
565 2455 808 2500 reportatur.

403 2514 501 2567 546.
532 2514 630 2562 εἰπὲ,
660 2516 734 2553 ποῦ
763 2514 820 2555 τίς
849 2513 968 2566 ἀλκά]
993 2513 1078 2554 εἶπέ
1105 2530 1180 2555 που
1202 2515 1258 2556 τίς
1278 2513 1417 2567 vulgo.
1446 2514 1529 2554 εἰπὲ
1548 2514 1622 2553 ποῦ
1641 2529 1697 2555 τις
1717 2513 1782 2553 M.

348 2589 467 2630 recte,
489 2578 564 2620 nisi
584 2578 696 2634 quod
717 2579 1052 2635 interrogativum
1073 2581 1130 2622 τίς
1150 2580 1465 2635 praeferendum.

403 2657 502 2699 547.
523 2646 600 2702 τίς]
624 2646 683 2688 τίς
703 2644 734 2686 δ’
757 2645 866 2687 Rob.
1404 2689 1407 2691 ,

402 2714 501 2766 548.
522 2713 797 2765 ὀλιγοδρανίαν
816 2713 997 2754 Α.Β.Μ.
1018 2711 1179 2767 aliique.
1241 2711 1376 2767 Vulgo
1396 2713 1682 2765 ὀλιγοδρανίην.

403 2791 501 2832 549.
524 2780 735 2833 ἰσόνειρον]
761 2779 1000 2821 Notandum
1021 2778 1216 2835 syllabam
1239 2778 1409 2834 primam
1432 2777 1613 2833 produci.
1648 2779 1780 2828 Quam

348 2859 577 2888 mensuram
608 2861 688 2887 non
719 2846 847 2888 solum
877 2847 917 2888 in
947 2845 1148 2902 adjectivo
1177 2847 1330 2889 ἰσόθεος
1358 2845 1563 2902 epicorum
1594 2843 1782 2899 exemplo
