1898 3256
319 251 402 292 104
791 253 1282 296 ANNOTATIONES

376 362 469 403 801.
490 364 656 417 τοιοῦτο]
682 367 857 405 τοιοῦτον
876 373 1072 420 quattuor
1089 366 1208 407 codd.
1230 374 1271 407 et
1291 365 1393 406 Ald.

371 428 572 482 φρούριον]
613 430 795 485 Hesych.
835 433 1040 484 Φρούριον
1090 434 1367 486 προφύλαγμα,
1398 426 1751 485 προφυλακτήριονζ

319 492 404 535 Hic
427 509 525 535 vero
553 495 739 548 φρούριον
762 496 876 551 quod
906 497 1007 538 vites
1036 513 1089 539 sc.
1150 498 1392 539 Scholiastes
1422 500 1477 538 A.
1509 499 1748 552 καταγωγὴν,

317 560 366 611 ἣν
385 562 560 613 ὀφείλεις
579 561 842 614 φυλάξασθαι.
874 564 1093 604 STANL.

376 629 472 683 803.
492 628 974 682 ὀξυστόμους-φύλαξαι]
1002 629 1128 670 Solin.
1144 645 1180 671 c.
1200 643 1263 684 13.
1294 632 1350 672 In
1369 631 1557 671 Asiatica
1576 632 1750 686 Scythia

318 700 442 735 terroe
469 701 568 736 sunt
597 696 823 750 locupletes,
847 697 1134 737 inhabitabiles
1163 702 1313 747 tamen,
1332 711 1430 737 nam
1458 711 1549 738 cum
1578 712 1684 738 auro
1713 704 1751 738 et

313 762 492 817 gemmis
512 762 702 816 affluant,
727 762 888 817 Grypes
907 768 1043 804 tenent
1060 764 1273 813 universa,
1294 763 1413 804 alites
1414 764 1696 818 ferocissimae
1713 769 1752 804 et

319 827 433 867 ultra
450 841 607 868 omnem
626 829 780 868 rabiem
805 830 1033 879 saevientes,
1053 843 1232 885 quarum
1257 831 1514 871 immanitate
1539 830 1752 871 obsistente

318 896 378 934 ad
395 907 521 934 venae
538 895 686 935 divites
710 908 893 936 accessus
913 895 1091 950 difficilis
1113 910 1162 936 ac
1189 910 1316 936 rarus
1343 902 1433 942 est;
1464 897 1614 952 quippe
1642 897 1752 937 visos

319 960 572 1015 discerpunt,
592 959 720 1001 veluti
743 962 881 1016 geniti
901 961 958 1001 ad
978 962 1231 1016 plectendum
1251 963 1446 1002 avaritiae
1474 963 1750 1003 temeritatem.

320 1029 436 1066 Aves
465 1040 643 1081 rapaces,
671 1026 812 1082 quales
838 1027 1226 1083 Gryphes1quoque
1253 1043 1339 1068 esse
1366 1027 1615 1078 ferebantur,
1640 1028 1753 1071 κύνας

321 1091 419 1132 dicit
442 1091 677 1147 AEschylus,
708 1100 756 1133 ut
783 1092 962 1148 aquilam
987 1108 1027 1133 v.
1045 1104 1165 1135 1021.
1195 1091 1341 1143 πτηνὸν
1367 1093 1463 1135 Διὸς
1493 1095 1598 1141 κύνα,
1629 1109 1752 1149 porro

321 1158 514 1210 ἀκραγεῖς,
549 1165 695 1208 mutos,
725 1173 809 1199 ‘non
840 1159 1041 1200 latrantes
1056 1175 1071 1206 ,-
1114 1158 1291 1214 denique
1330 1161 1565 1211 ὀξυστόμους
1580 1178 1592 1207 ;
1633 1170 1753 1201 acuta

321 1223 427 1264 enim
449 1234 489 1264 et
507 1224 667 1265 adunca
687 1233 815 1265 rostra
831 1224 879 1264 iis
899 1224 1151 1266 tribuuntur.
1184 1227 1316 1266 SCH.

379 1289 580 1345 ἀκραγεῖς]
604 1292 809 1343 ἇκραγγεΐς
828 1290 912 1330 duo
930 1290 1047 1331 codd.
1070 1301 1111 1332 et
1130 1291 1234 1332 Ald.

379 1358 472 1406 804.
494 1360 640 1409 γρῦπας
660 1356 891 1397 Elmsleius.
922 1358 1070 1409 γρύπας
1089 1357 1193 1398 libri.

379 1422 570 1477 φύλαξαι]
595 1422 776 1475 φύλαξον
797 1423 904 1464 Rob.

377 1491 446 1530 τόν
475 1507 517 1530 τε
543 1494 728 1541 μουνῶπα
757 1490 942 1543 στρατὸν]
973 1489 1287 1545 Arimasporum
1316 1489 1493 1531 historiae
1523 1500 1603 1531 tres
1632 1490 1755 1531 libros

321 1555 498 1596 carmine
524 1555 751 1610 composuit
772 1556 956 1596 Aristeas
976 1555 1287 1604 Proconnesius,
1308 1570 1445 1610 quem,
1467 1555 1508 1596 ni
1539 1556 1756 1612 suppositi-

323 1622 425 1663 tium
458 1637 563 1677 opus
595 1621 733 1670 fuerit,
765 1631 888 1677 prout
917 1623 1039 1662 sentit
1070 1622 1293 1676 Dionysius
1324 1622 1458 1663 Halic.
1489 1632 1528 1662 et
1561 1623 1754 1677 suspicari

323 1688 486 1728 videtur
507 1688 722 1742 Longinus
742 1689 830 1741 περὶ
854 1689 979 1740 ὕψους
997 1704 1029 1729 c.
1053 1689 1089 1729 8.
1118 1697 1280 1728 secutus
1308 1698 1369 1729 est
1397 1688 1438 1728 in
1468 1688 1576 1729 bisce
1605 1689 1753 1730 descri-

323 1754 467 1795 bendis
491 1754 740 1810 AEschylus:
772 1764 884 1795 extat
913 1755 1019 1795 enim
1049 1754 1161 1795 haud
1190 1753 1372 1794 absimile
1399 1755 1674 1810 fragmentum
1704 1772 1755 1797 ex

330 1820 576 1875 Arimaspeis
595 1820 705 1875 apud
727 1822 929 1860 Joannem
952 1822 1164 1870 Tzetzem,
1186 1819 1294 1860 Chil.
1319 1830 1357 1872 7.
1380 1820 1472 1861 hist.
1493 1835 1583 1873 144.

491 1918 665 1968 Ἰσσηδοὶ
684 1919 865 1971 χαίτῃσιν
886 1919 1152 1970 ἀγαλλόμενοι
1172 1921 1337 1974 ταναῇσι

493 1985 559 2024 καί
576 1991 681 2037 σφας
701 1985 925 2036 ἀνθρώπους
946 1984 1043 2024 εἶναι
1064 1986 1302 2035 καθύπερθεν
1322 1985 1520 2036 ὁμούρους,

492 2050 587 2102 πρὸς
607 2049 750 2102 Βορέω,
772 2051 947 2092 πολλούς
966 2067 1008 2090 τε
1029 2050 1091 2090 καὶ
1111 2050 1289 2097 ἔσθλους,
1313 2050 1433 2102 κάρτα
1451 2054 1636 2104 μαχητὰς,

494 2116 677 2167 ἇφνειοὺς
697 2117 859 2162 ἵπποισι,
880 2116 1136 2167 πολύρρηνας,
1154 2117 1412 2167 πολυβούτας·

494 2181 702 2233 ὀφθαλμὸν
723 2180 753 2221 δ’
772 2179 825 2221 ἕν’
849 2182 1009 2224 ἕκαστος
1031 2182 1114 2234 ἔχει
1133 2182 1307 2234 χαρίεντι
1325 2181 1486 2234 μετώπῳ

493 2248 673 2300 χαίτῃσιν
692 2246 840 2296 λάσιοι,
862 2246 1018 2287 πάντων
1038 2248 1320 2299 στιβαρώτατοι
1340 2248 1502 2299 ἀνδρῶν.

326 2344 484 2385 Plinius
503 2344 623 2384 etiam
644 2359 727 2385 uno
744 2345 857 2385 oculo
875 2345 921 2384 in
940 2345 1073 2384 media
1074 2345 1229 2398 fronte
1247 2344 1424 2400 insignes
1440 2345 1574 2386 tradit.
1598 2345 1757 2387 Gellius

327 2413 462 2466 (N.A.
478 2424 517 2463 9,
534 2412 616 2464 4.):
648 2412 744 2451 item
764 2424 848 2451 esse
866 2411 1046 2451 homines
1065 2411 1141 2450 sub
1161 2412 1298 2451 eadem
1319 2413 1487 2466 regione
1506 2412 1610 2461 coeli,
1626 2427 1755 2454 anu-m

323 2478 482 2518 oculum
502 2478 720 2531 infrontis
740 2477 869 2517 medio
896 2477 1099 2525 habentes,
1127 2478 1198 2532 qai
1226 2478 1490 2532 appellantur
1508 2478 1722 2534 Arimaspi
1739 2496 1753 2525 ,-

323 2558 406 2599 qua
407 2545 557 2598 sitisse
557 2545 682 2597 facie
703 2543 902 2598 Cyclopas
912 2549 1046 2598 poetae
1056 2544 1219 2596 ferant.
1279 2545 1338 2583 Et
1358 2544 1505 2584 Strabo
1526 2544 1753 2599 Cyclopum

323 2609 503 2650 fabulam
524 2608 601 2648 hoc
619 2617 782 2663 arrepto
801 2618 1043 2663 argumento
1062 2624 1084 2648 e
1107 2608 1275 2663 Scythia
1293 2608 1334 2648 in
1357 2605 1558 2650 Graeciam
1580 2609 1754 2650 delatam

324 2684 444 2730 putat
472 2674 541 2715 lib.
570 2687 602 2714 1.
645 2674 890 2714 Eustathius
920 2674 1057 2729 prodit
1085 2674 1126 2713 in
1162 2674 1327 2729 Dionys.
1358 2691 1525 2727 περιηγ.,
1555 2690 1622 2715 eos
1650 2675 1756 2716 inter

325 2740 601 2796 sagittandum
621 2739 793 2781 alterum
814 2740 976 2781 oculum
999 2740 1135 2780 solitos
1154 2755 1238 2780 esse
1256 2739 1457 2791 claudere,
1477 2755 1570 2795 quae
1589 2755 1755 2782 consue-

325 2807 427 2847 tudo
447 2805 609 2846 tandem
629 2806 670 2845 in
693 2815 879 2846 naturam
902 2806 1115 2847 transierit.
1153 2807 1223 2846 Ex
1244 2806 1321 2846 hoc
1341 2806 1439 2846 vitio
1459 2821 1603 2846 nomen
1624 2806 1754 2849 haesit.

322 2871 462 2924 Ἀριμα
480 2872 587 2912 enim
608 2871 749 2926 lingua
770 2871 961 2927 Scythica
980 2886 1110 2912 unam
1131 2871 1342 2927 significat,
1360 2889 1461 2913 σπου
1477 2873 1636 2913 oculum
1652 2883 1752 2914 teste

323 2937 539 2980 Herodoto
556 2949 600 2990 4,
619 2947 685 2990 27.
717 2936 961 2978 Eustathius
980 2937 1107 2988 aliter,
1129 2951 1273 2993 nempe
1288 2938 1350 2990 ἄρι
1371 2952 1496 2979 unum
1514 2946 1554 2979 et
1573 2939 1751 2990 μασποὺς
