1898 3256
320 247 409 287 AD
441 245 696 288 SEPTEM
728 243 1059 285 ADVERSUS
1092 243 1359 284 THEBAS.
1485 242 1569 282 153

170 368 267 411 243.
289 355 543 412 ἁρπαλίζετε]
559 357 695 398 Avide
708 357 889 412 recipite.
922 353 1108 410 Hesyoh.
1129 352 1431 406 Ἀρπαλίζομαι,
1449 354 1570 405 ἀσμέ-

113 438 187 466 νως
217 423 393 478 δέχομαι.
438 425 617 465 Eumen.
645 424 743 478 981.
765 424 1000 476 ἀντιφόνους
1029 423 1124 464 ἄτας
1153 421 1374 473 ἁρπαλίσαι
1402 421 1568 464 πόλεως.

111 489 341 532 Rei-issima
358 501 419 533 est
440 491 658 532 verborum
674 490 1075 548 frequentativorum
1097 488 1243 538 forma,
1264 487 1317 529 de
1337 503 1422 544 qua
1440 487 1569 529 disse-

111 557 196 598 ruit
217 558 536 607 Valckenaerius‚
558 557 611 599 ad
632 558 781 615 Eurip.
800 557 976 615 Hippol.
997 570 1090 612 230.
1115 556 1187 597 ubi
1207 565 1342 597 exstat
1357 556 1571 607 δαμαλίζω.

113 625 351 668 Occurrunt
377 627 491 683 apud
523 627 756 667 Homerum
788 626 1019 675 δνοπαλίζω,
1044 626 1382 677 ἐντροπαλίζομαι,
1404 623 1457 664 de
1475 623 1571 679 qui-

115 692 192 734 bus
211 694 398 751 Etymol.
422 696 486 735 M.
520 709 557 750 p.
580 707 681 749 345,
700 707 771 749 37.
802 698 962 735 τοιαῦτα
981 693 1025 734 δέ
1050 694 1127 733 εἰσι
1146 691 1299 745 ῥήματα
1319 691 1397 732 ἀπὸ
1418 694 1496 731 τῶν
1518 693 1574 734 εἷς

112 765 170 812 η-ς,
201 766 440 818 πλεονασμῷ
474 766 543 804 τοῦ
572 754 638 806 οἱ·
669 765 755 805 οἷον
787 763 940 813 πύκτης,
972 761 1148 809 πυκτίζω,
1183 760 1416 808 πυκταλίζω,
1451 758 1574 800 Ἀνα-

116 828 250 882 κρέων.
287 830 349 870 καὶ
386 831 564 884 Σώφρων
599 832 724 885 φησὶν
757 830 834 872 ἀπὸ
875 833 942 870 τοῦ
977 829 1165 875 πυκτεύω,
1202 829 1443 869 πυκταλεύω.
1507 828 1576 869 Ita

114 896 350 953 legendum.
398 899 674 941 Anacreontis
719 898 854 940 locum
900 897 999 938 citat
1039 895 1235 938 Eustath.
1275 895 1316 935 in
1359 895 1483 936 Iliad.
1523 899 1574 936 Ψ.

115 979 157 1021 p.
183 977 306 1021 1322,
327 978 397 1021 53.
419 967 471 1010 ὡς
489 967 541 1018 μὴ
561 966 658 1020 πρὸς
678 966 747 1007 τὸν
761 965 921 1018 Ἔρωτα
940 965 1172 1013 πυκταλίζω.
1204 964 1436 1005 BLOMF.

175 1045 269 1086 244.
310 1033 412 1075 Post
445 1036 637 1085 βόσκεται
670 1048 831 1075 comma
870 1043 1064 1089 ponatur.
1117 1032 1269 1087 Neque
1303 1031 1412 1072 enim
1453 1033 1576 1087 τούτῳ

116 1101 233 1155 φόβῳ
269 1111 366 1142 sunt
399 1101 703 1158 conjungenda,
739 1101 811 1142 sed
846 1101 971 1142 verba
1010 1102 1128 1155 φόβῳ
1166 1104 1323 1153 βροτῶν
1361 1100 1412 1141 ad
1454 1101 1577 1155 τούτῳ

114 1167 348 1223 explicandi
367 1183 509 1210 caussa
530 1179 626 1210 sunt
644 1169 818 1226 adjecta.

173 1237 283 1290 φόνῳ
304 1237 488 1278 Α.Β.Μ.
509 1237 661 1293 aliique
681 1246 723 1278 et.
743 1236 853 1278 Rob.
878 1237 1015 1277 Turn.
1068 1236 1367 1277 Revocandum
1390 1236 1504 1292 quod
1535 1236 1577 1277 in

116 1301 204 1344 aliis
223 1304 432 1346 codicibus
452 1316 492 1346 et
515 1305 616 1346 Ald.
638 1315 698 1346 est
719 1305 850 1360 φόβῳ.
895 1309 922 1328 “
942 1306 1077 1354 Verte.
1100 1306 1183 1345 Per
1202 1305 1443 1360 hujusmodi
1467 1306 1578 1346 enim

97 1372 382 1426 formidinem
411 1374 650 1414 mortalium
673 1374 853 1414 Mavors
867 1374 1127 1429 pinguescit,
1151 1372 1212 1413 uti
1239 1382 1350 1414 recte
1380 1373 1580 1429 interpre-

118 1450 231 1481 tatur
251 1441 506 1484 scholiasta.”
536 1441 769 1483 BLOMF.

178 1510 273 1559 246.
294 1509 346 1561 μὴ
367 1510 455 1563 νῦν]
482 1508 755 1550 Scribendum
777 1508 829 1559 μή
851 1524 921 1549 νυν
941 1522 1035 1548 eum
1061 1508 1320 1550 Blomfieldo.

178 1588 274 1629 247.
295 1578 432 1631 γῆθεν]
458 1580 575 1628 δῆθεν
597 1577 735 1617 Turn.

180 1644 473 1700 κυκλουμένων]
506 1646 771 1696 κυκλούμενον
792 1642 903 1684 Rob.
926 1643 1066 1698 Mosq.
1087 1656 1123 1683 Ι.
1157 1643 1239 1684 Sed
1259 1643 1364 1685 bene
1385 1642 1509 1685 schol.
1524 1645 1580 1684 A.

119 1710 298 1766 explieat
315 1711 602 1762 κυκλουμένων,
624 1714 702 1751 τῶν
721 1710 937 1760 πολεμίων.
971 1709 1205 1751 BLOMF.

180 1779 276 1830 248.
327 1779 483 1833 οὐκοῦν]
536 1779 676 1819 οὔκουν
714 1792 811 1818 oum
854 1775 1174 1832 interrogatione
1221 1776 1263 1816 in
1315 1777 1395 1818 fine
1435 1793 1579 1819 versus

120 1844 373 1887 Brunckius.

183 1925 280 1967 250.
317 1913 362 1953 οὐ
396 1917 515 1965 σῖγα;
551 1913 691 1966 μηδὲν]
729 1912 787 1959 οὒ,
822 1913 919 1964 σίγα
956 1912 1077 1962 μηδὲν
1112 1910 1214 1952 Ald.
1251 1911 1360 1952 Rob.
1393 1913 1439 1953 οὐ
1474 1916 1584 1965 σῖγα·

122 1982 244 2032 μηδὲν
266 1981 402 2021 Turn.
454 1981 603 2021 Veram
632 1979 1004 2034 interpunctionem
1027 1979 1072 2019 οὐ
1094 1983 1190 2032 σῖγα
1209 1981 1331 2031 μηδὲν
1349 1979 1460 2021 τῶνδ’
1484 1981 1587 2032 ε’ρεῖς

124 2048 223 2087 κατὰ
242 2047 408 2093 πτόλιν;
440 2045 620 2087 restituit
639 2045 865 2087 Elmsleius
884 2045 939 2086 ad
959 2046 1108 2102 Eurip.
1133 2047 1252 2088 Med.
1280 2059 1400 2088 1120.
1422 2047 1467 2088 οὗ
1488 2051 1587 2099 σῖγα

124 2116 245 2167 μηδὲν
266 2115 365 2167 ἐρεῖς
384 2114 541 2155 dictum
563 2129 639 2170 pro
660 2114 705 2155 οὗ
726 2112 805 2166 σῖγ’
827 2112 960 2164 ἀνέξει
987 2115 1085 2165 μηδὲ
1111 2114 1213 2166 ε’ρεῖς
1231 2113 1369 2165 μηδέν.
1435 2113 1588 2155 Similis

125 2181 451 2238 breviloquentia
471 2191 532 2223 est
554 2197 591 2222 v.
617 2192 713 2236 252.

181 2251 342 2307 πτόλιν]
374 2251 493 2291 πόλιν
516 2248 617 2290 Ald.
640 2249 751 2290 Rob.
804 2250 856 2290 In
880 2249 1059 2290 tironum
1081 2249 1256 2306 gratiam
1278 2249 1363 2290 duo
1382 2265 1588 2306 gramma-

126 2317 300 2359 ticorum
321 2317 411 2359 loca
436 2317 489 2358 de
518 2317 652 2357 forma
671 2315 810 2359 πτόλις
837 2315 1084 2358 adscribam.
1139 2316 1275 2358 schol.
1299 2317 1511 2358 Villoison.
1533 2317 1587 2358 ad

129 2385 248 2426 Iliad.
265 2389 317 2426 Ψ.
338 2399 373 2425 Ι.
395 2387 491 2426 κατὰ
507 2384 658 2426 πτόλιν.
693 2384 875 2436 Κυπρίων
894 2389 971 2426 τῶν
992 2386 1036 2425 ἐν
1052 2388 1249 2436 Σαλαμῖνι
1269 2385 1293 2435 ἡ
1313 2384 1432 2435 λέξις.
1466 2388 1590 2425 κεῖται

127 2454 171 2493 δὲ
190 2455 296 2504 παρὰ
317 2455 466 2508 κωμικῷ
484 2451 767 2503 Ἀναξανδρίδῃ
790 2453 834 2492 ἐν
850 2453 1061 2506 Σωσίππῳ.
1100 2452 1296 2493 Eustath.
1320 2451 1375 2492 ad
1396 2450 1518 2492 Iliad.
1537 2455 1587 2491 A.

128 2535 171 2575 p.
201 2522 297 2571 842,
328 2522 392 2561 16.
431 2521 452 2560 ὁ
488 2521 530 2560 δὲ
562 2518 772 2569 πτόλεμος,
815 2520 1000 2572 Κυπρίων
1040 2519 1103 2560 καὶ
1133 2518 1324 2560 Ἀττικῶν
1363 2518 1469 2569 λέξις
1503 2517 1587 2559 καθ’

126 2586 394 2639 *Ηρακλείδην
415 2587 513 2633 ἔστι,
537 2588 636 2627 καθὰ
656 2586 718 2626 καὶ
737 2586 761 2636 ἡ
781 2586 931 2636 πτόλις,
954 2587 1008 2626 ὧν
1027 2587 1128 2626 ἴδιον
1147 2584 1424 2637 παρεντιθέναι
1443 2584 1589 2637 ῥήμασι

131 2655 193 2695 καὶ
213 2651 382 2705 ὀνόμασι
401 2653 445 2693 τὸ
464 2669 499 2693 τ.
532 2653 766 2694 BLOMF.

189 2733 209 2761 2
213 2732 282 2776 51.
317 2719 537 2774 ξυντέλεια]
571 2720 683 2760 Ordo
711 2722 980 2762 cml-sociatus.
1024 2721 1116 2760 Vox
1150 2720 1330 2776 politica.
1379 2722 1588 2776 Harpoor.

129 2791 350 2830 Συντελεῖς.
387 2789 425 2827 οἱ
454 2790 780 2829 συνδαπανῶντες
812 2788 876 2827 καὶ
906 2787 1250 2839 συνεισφέροντες.
1281 2788 1325 2828 τὸ
1356 2789 1399 2829 δὲ
1430 2791 1590 2841 πρᾶγμα

131 2855 341 2896 συντέλεια
390 2857 578 2895 καλεῖται.
629 2852 727 2903 imo,
769 2853 907 2903 credo,
947 2864 989 2894 et
1033 2858 1110 2895 τῶν
1150 2858 1354 2896 συντελῶν
1403 2853 1586 2896 societas.

127 2922 358 2963 BLOMF.
407 2920 615 2974 ξυγγένεια
635 2920 744 2961 Rob.

187 3001 283 3043 252.
316 2989 384 3030 οὐκ
407 2990 446 3031 ἐς
466 2986 618 3041 φθόρον
636 2988 775 3040 σιγῶσ’
796 2988 1021 3043 ἀνασχήσει
1049 2988 1142 3032 τάδε
1156 2989 1190 3046 ;]
1223 2990 1412 3033 Breviter
1430 2989 1590 3033 dictum

869 3071 895 3096 U
