1898 3256
338 234 391 275 72
810 234 1301 276 ANNOTATIONES

392 345 598 399 θαυμάσει]
623 345 833 396 θαυμάσεις
854 347 990 386 Turn.
1025 346 1215 401 Reliquae
1235 345 1330 386 edd.
1351 355 1391 386 et
1411 345 1532 386 codd.
1553 346 1742 397 θαυμάσῃ.

392 421 491 464 477.
521 412 662 463 πόρους
685 412 868 453 Α.Β.Μ.
899 411 1049 467 aliique
1077 423 1118 453 et
1150 413 1260 453 Rob.
1311 411 1397 452 Alii
1429 412 1567 454 δόλους
1599 421 1644 452 ut
1671 412 1768 453 Ald.

337 478 471 518 Turn.

390 543 487 597 478.
510 543 582 598 εἰς]
606 544 875 585 Scribendum
898 546 937 588 ἐς
956 560 1004 585 ex
1031 546 1139 586 A.B.
1159 544 1329 600 aliisque
1349 543 1566 585 nonnullis.

390 621 488 663 479.
519 611 606 651 οὔτε
627 612 740 651 Α.Β.
762 621 802 651 et
823 611 907 651 duo
926 610 1007 652 alii.
1061 611 1198 665 Vulgo
1221 611 1324 651 οὐδέ.
1375 613 1484 651 Cum
1514 610 1773 666 responsione

335 677 626 733 particularum
668 678 1006 718 οὕτε-οὗ-οὔτε
1043 687 1302 732 comparetur
1349 677 1497 732 Eurip.
1539 678 1672 717 Orest.
1703 678 1771 728 46.

337 744 445 794 ἔδοξε
470 743 500 784 δ’
523 743 663 796 ’Ἄργει
693 745 790 798 τῷδε
818 743 904 794 μήθ’
932 745 1030 795 ἡμᾶς
1056 744 1228 796 στέγαις,
1249 743 1301 795 μὴ
1330 743 1419 795 πυρὶ
1453 742 1653 796 δέχεσθαι,
1678 743 1773 794 μήτε

334 815 587 863 προσφωνεῖν
607 827 694 850 τινα
711 814 1078 861 μητροκτονοῦντας.

391 875 1031 929 βρώσιμον-χριστὸν-πιστόν]
1070 876 1191 925 Quod
1227 876 1292 916 hic
1323 877 1526 928 βρώσιμον
1560 885 1599 916 et
1633 875 1774 916 πιστὸν

335 950 468 990 vocat,
500 942 540 981 in
569 943 720 996 Agam.
747 952 868 994 1407.
897 942 1037 982 ἐδανὸν
1062 951 1103 982 et
1137 943 1257 983 ποτὸν
1285 942 1402 983 dixit.
1463 943 1650 991 Quatuor
1678 951 1773 982 sunt

335 1007 548 1060 φαρμάκων
577 1022 740 1062 genera,
763 1022 939 1062 quorum
971 1007 1178 1063 praecipue
1209 1008 1359 1048 mentio
1379 1009 1425 1048 fit
1448 1008 1559 1063 apud
1589 1017 1774 1047 auctores

337 1076 518 1124 Graecos,
552 1072 737 1126 φάρμακα
762 1076 918 1126 χριστὰ,
946 1077 1092 1122 παστᾶ,
1123 1076 1284 1115 πλαστὰ
1309 1084 1350 1115 et
1378 1076 1497 1115 πιστὰ
1524 1073 1585 1114 vel
1615 1072 1771 1124 πότιμα,

334 1142 485 1197 quibus
505 1140 710 1181 interdum
732 1140 900 1180 additur
919 1141 1110 1195 quintum
1131 1155 1262 1195 genus
1286 1143 1333 1181 τὰ
1352 1141 1534 1192 βρώσιμα
1552 1149 1593 1180 et
1613 1149 1772 1179 sextum

336 1209 490 1263 ἐπῳδαὶ,
512 1217 635 1263 prout
652 1207 708 1247 eis
729 1207 779 1248 ad
801 1208 1057 1262 ungendum,
1072 1207 1412 1263 inspwgendum,
1429 1207 1650 1261 emplastro
1668 1207 1772 1246 obte-

328 1274 766 1331 gendum,b2·bendmn‚
775 1274 975 1314 edendum
988 1274 1053 1313 vel
1065 1275 1367 1313 excantandum
1383 1273 1613 1313 utebantur.
1638 1272 1771 1313 Schol.

335 1342 549 1397 Aristopli.
574 1341 685 1381 Plut.
708 1351 801 1394 717.
833 1344 908 1380 τῶν
929 1339 1141 1392 φαρμάκων
1166 1341 1214 1380 τὰ
1238 1339 1311 1390 μέν
1332 1341 1416 1380 ἐστι
1437 1341 1704 1387 καταπλαστᾶ,
1725 1341 1772 1379 τὰ

335 1410 377 1449 δὲ
407 1411 561 1462 χριστὰ,
583 1410 630 1448 τὰ
658 1410 699 1448 δὲ
728 1407 840 1448 ποτά.
871 1406 942 1446 ubi
971 1406 1052 1446 vid.
1076 1406 1360 1447 Hemsterhus.
1395 1405 1530 1446 Schol.
1553 1407 1697 1446 Venet.
1720 1405 1771 1446 ad

336 1475 389 1516 Il.
414 1480 462 1515 Δ.
489 1488 579 1529 191.
610 1479 712 1527 τρεῖς
734 1476 776 1515 δὲ
801 1472 1014 1526 φαρμάκων
1037 1472 1147 1519 ἰδέαι,
1170 1474 1376 1518 ἐπίπαστα,
1399 1473 1449 1515 ὣς
1481 1472 1542 1512 ἐπὶ
1564 1471 1769 1527 Μενελάῳ.

333 1544 488 1595 χριστᾶ,
513 1541 592 1584 ἰοὺς
620 1542 815 1594 χρίεσθαι’
846 1542 1001 1591 πότιμα,
1023 1541 1074 1582 ὡς
1108 1540 1171 1580 ἐπὶ
1199 1539 1377 1591 Ἑλένης.
1423 1539 1571 1594 Eurip.
1599 1538 1771 1594 Hippoi.

333 1621 432 1661 521.
455 1606 611 1660 Πότερα
631 1610 673 1648 δὲ
693 1607 869 1660 χριστὸν,
890 1605 913 1657 ἢ
933 1606 1053 1647 ποτὸν
1073 1607 1117 1647 τὸ
1138 1605 1366 1658 φάρμακον;
1401 1605 1522 1646 Idem
1544 1605 1584 1645 in
1608 1606 1686 1645 Ino
1705 1621 1774 1660 ap.

337 1676 451 1715 Stob.
479 1675 546 1729 38.
583 1689 624 1729 p.
656 1687 747 1728 149.
790 1675 910 1714 Grot.
948 1674 999 1715 ὡς
1028 1673 1077 1723 ἦν
1109 1674 1256 1725 μόχθος
1289 1673 1432 1724 ἰατροῖς
1460 1671 1596 1724 μέγας,
1626 1676 1774 1722 Τομαῖς

339 1742 535 1793 ἀφαιρεῖν,
564 1739 587 1790 ἢ
617 1745 771 1780 ποτοῖσι
795 1738 1022 1791 φαρμάκοις,
1052 1744 1202 1780 Πασῶν
1231 1740 1420 1791 μεγίστην
1450 1743 1527 1779 τῶν
1555 1741 1598 1779 ἐν
1630 1741 1774 1790 ἀνθρώ-

338 1824 425 1849 ποις
453 1807 593 1847 νόσων.
627 1805 835 1846 Theocrit.
862 1819 927 1854 11,
953 1819 987 1845 Ι.
1011 1806 1140 1846 Οὐδὲν
1164 1805 1307 1846 ποττὸν
1337 1805 1460 1856 ἔρωτα
1484 1806 1648 1856 πεφύκει
1677 1805 1774 1856 φάρ-

338 1890 461 1923 μακον
491 1874 609 1921 ἄλλο,
640 1873 771 1921 Νικία,
801 1871 877 1912 οὔτ’
910 1872 1134 1924 ἔγχριστον,
1172 1873 1258 1922 ἐμὶν
1289 1875 1407 1921 δοκεῖ,
1438 1870 1513 1911 οὔτ’
1547 1870 1772 1911 ἐπιπαστόν.

338 1940 513 1992 Longus
534 1940 646 1978 Past.
675 1952 688 1978 Ι
700 1970 708 1977 .
723 1937 897 1990 Ἔρωτος
923 1940 998 1990 γὰρ
1027 1939 1140 1978 οὐδὲν
1160 1937 1378 1990 φάρμακον,
1401 1938 1445 1977 οὗ
1465 1936 1686 1988 πινόμενον,
1707 1938 1774 1977 οὐκ

338 2006 581 2055 ἐσθιόμενον,
604 2005 672 2044 οὐκ
703 2005 746 2044 ἐν
775 2003 890 2058 ᾠδαῖς
918 2005 1178 2054 λαλούμενον.
1222 2002 1523 2058 Theophylact.
1550 2003 1683 2058 Epist.
1703 2016 1771 2053 42.

337 2087 376 2126 p.
407 2082 473 2124 74.
507 2071 568 2111 καὶ
596 2069 619 2120 ἢ
647 2068 876 2122 ἐγκεράσας,
908 2069 931 2119 ἢ
964 2071 1162 2122 ἐγχρίσας,
1187 2069 1211 2120 ἢ
1238 2068 1473 2119 ἐπιπλάσας,
1505 2070 1557 2123 τῷ
1585 2069 1773 2120 νοσήματι

337 2137 717 2189 ἆντιπαλαμήσομαι.
766 2137 978 2176 Sozomen.
1014 2136 1126 2176 Hist.
1158 2135 1271 2176 Eccl.
1300 2149 1336 2178 2.
1363 2150 1406 2190 p.
1430 2147 1526 2189 452.
1560 2134 1773 2187 φαρμάκων

336 2206 421 2256 μὲν,
451 2205 540 2256 ἔφη,
568 2204 655 2244 οὔτε
681 2206 863 2256 χριστῶν,
890 2203 978 2243 οὔτε
1008 2199 1257 2242 ἐπιπλάστων
1288 2203 1435 2252 εἴδησιν
1460 2200 1483 2251 ἢ
1509 2206 1647 2253 πεῖραν
1676 2201 1768 2254 ἔχω.

338 2271 505 2311 Pindar.
528 2270 653 2325 Pyth.
673 2282 715 2323 3,
737 2282 803 2324 91.
824 2269 925 2311 Τοὺς
944 2269 1016 2318 μὲν
1030 2272 1224 2318 μαλακαῖς
1245 2268 1441 2310 ἐπαοιδαῖς
1461 2267 1664 2319 ἀμφέπων,
1685 2268 1773 2310 τοὺς

337 2339 380 2378 δὲ
399 2335 601 2389 προσανέα
618 2336 813 2382 πίνοντας,
834 2333 858 2385 ἢ
877 2335 1000 2386 γυίοις
1018 2332 1239 2386 περιάπτων
1259 2334 1454 2374 παντόθεν
1473 2331 1668 2386 φάρμακα,
1686 2334 1774 2377 τοὺς

337 2405 380 2444 δὲ
417 2407 550 2454 τομαῖς
585 2402 756 2443 ἔστασεν
785 2401 938 2452 ὀρθούς.
987 2399 1180 2455 Toupius
1213 2399 1391 2440 Emend.
1421 2399 1500 2440 vol.
1530 2413 1569 2452 4.
1603 2414 1647 2454 p.
1678 2412 1771 2454 237.

337 2468 524 2520 πάσματα
542 2477 582 2508 et
602 2465 816 2517 πλάσματα
834 2465 1062 2507 confundit.
1113 2465 1194 2506 Sed
1214 2476 1321 2506 recte
1340 2465 1554 2521 distinguit
1577 2465 1771 2506 Gataker.

336 2536 390 2577 ad
412 2537 476 2576 M.
497 2534 700 2575 Antonin.
720 2547 762 2584 4.
783 2548 827 2589 p.
854 2543 946 2588 197,
969 2534 1035 2574 26.
1068 2534 1108 2573 S.
1132 2532 1322 2588 Ignatius
1349 2532 1391 2572 in
1417 2532 1553 2588 Epist.
1574 2531 1625 2572 ad
1647 2532 1774 2588 Poly-

337 2618 446 2658 carp.
468 2617 510 2657 p.
537 2615 600 2642 11.
623 2600 687 2641 ed.
713 2601 826 2640 Voss.
848 2600 893 2640 οὐ
912 2603 990 2640 πᾶν
1009 2602 1157 2651 τραῦμα
1185 2602 1237 2653 τῷ
1268 2599 1368 2653 αὐτῷ
1399 2596 1634 2652 ἐμπλάστρῳ
1665 2602 1776 2651 θερα-

338 2670 509 2710 πεύεται.
548 2668 636 2710 τοὺς
669 2666 938 2719 παροξυσμοὺς
973 2667 1188 2718 ἐμβροχαῖς
1221 2667 1333 2705 παῦε.
1383 2664 1610 2719 Septimum
1645 2679 1775 2719 genus

337 2743 534 2775 memorat
554 2732 812 2789 Porphyrius
830 2732 882 2772 de
901 2730 1069 2772 Abstin.
1091 2746 1136 2787 p.
1158 2744 1221 2771 11.
1244 2732 1320 2771 εἴτε
1339 2730 1582 2783 ὀσφραντδν,
1607 2729 1672 2771 εἴτ’
1693 2732 1774 2771 ἐπί-

339 2817 515 2855 χριστον,
538 2802 615 2841 εἴτε
632 2799 754 2841 ποτὸν
773 2798 796 2849 ἢ
815 2799 971 2850 βρωτὸν
989 2796 1182 2850 προσάγει
1201 2795 1418 2849 φάρμακον.
1447 2811 1542 2850 quae
1571 2796 1774 2837 illustrant

338 2867 527 2909 Alexidis
555 2866 688 2908 locum
709 2881 778 2922 ap.
801 2865 952 2906 Athen.
975 2875 1041 2918 15.
1063 2879 1107 2920 p.
1128 2864 1223 2915 687‚
1245 2864 1300 2904 D.
1329 2864 1476 2916 ὑγιείας
1502 2862 1618 2915 μέρος
1647 2862 1771 2915 Μέγι-

338 2950 447 2981 στον,
481 2934 605 2983 ὀσμὰς
640 2931 846 2987 ἐγκεφάλῳ
879 2933 1051 2984 χρηστὰς
1083 2934 1222 2972 ποιεῖν.
1275 2931 1418 2984 Atque
1455 2928 1549 2970 hinc
1582 2928 1773 2984 explicari
