1898 3256
320 243 402 284 102
788 245 1282 286 ANNOTATIONES

374 364 468 405 774.
499 353 775 405 τρίτος-πρὸς
804 353 915 408 δέκα]
951 353 1016 394 Sic
1036 355 1188 408 Agam.
1210 355 1327 406 1605.
1354 354 1483 404 τρίτον
1507 354 1581 405 γὰρ
1601 354 1695 394 ὄντα
1713 353 1750 403 μ’

317 418 380 458 ἐπὶ
399 417 474 458 δέκ’
497 419 618 472 ἀθλίῳ
639 420 752 471 πατρὶ
769 421 1050 470 ξυνεξελαύνει.
1091 419 1309 460 Tredecim
1330 419 1488 474 generis
1509 433 1754 460 successores

316 492 423 532 sunt,
479 497 513 523 1.
535 484 749 540 Epaphus.
798 498 836 527 2.
859 485 1009 540 Libya.
1060 498 1100 539 3.
1122 485 1259 526 Belus.
1305 499 1346 536 4.
1368 486 1552 526 Danaus.
1596 497 1637 539 5.
1660 485 1754 540 Hy-

315 558 579 603 permnestra.
645 551 683 590 6.
705 550 832 590 Abas.
904 560 939 603 7.
966 552 1143 591 Proetus.
1209 552 1246 591 8.
1269 550 1466 591 Acrisius.
1530 564 1570 605 9.
1593 552 1750 592 Danae.

320 627 384 654 10.
407 616 593 656 Perseus.
667 630 728 656 11.
758 618 995 672 Electryon.
1071 629 1131 658 12.
1156 617 1369 658 Alcmena.
1446 630 1509 672 13.
1535 618 1748 659 Hercules.

316 680 543 722 BLOMF.

371 757 576 811 ἄλλαισιν]
601 758 747 813 ἄλλῃσι
767 758 830 799 vel
853 759 1024 814 ἄλλῃσιν
1044 757 1162 799 codd.
1183 758 1353 813 aliquot.

371 833 463 886 776.
494 834 588 884 μηδὲ
619 834 778 888 σαυτῆς]
809 836 905 885 μηδὲ
935 838 1078 885 σαυτῆς
1107 834 1136 875 τ’
1159 850 1209 875 ex
1232 837 1360 876 M.N.
1380 835 1574 876 affertur:
1608 834 1676 876 sed
1697 849 1747 875 ex

315 899 379 938 M.
404 900 476 938 Fr.
496 898 547 938 de
568 899 697 939 Furia
716 900 895 940 enotavit
913 901 1008 951 μηδὲ
1033 904 1176 951 σαυτῆς
1202 918 1268 944 τις.
1331 903 1460 942 Recte
1482 901 1748 942 Blomfieldus

312 964 512 1019 corrigere
541 964 705 1005 videtur
733 965 785 1016 μή
820 982 855 1006 τι
889 969 1043 1016 σαυτῆς,
1075 967 1186 1021 quod
1222 967 1356 1023 ipsum
1396 969 1565 1010 fortasse
1599 969 1639 1009 in
1681 967 1749 1009 illa

312 1051 481 1093 lectione
501 1052 598 1093 latet
619 1052 673 1093 sic
693 1052 947 1108 explicanda,
969 1029 1064 1105 μηδτὲ
1085 1055 1240 1106 σαυτῆς

371 1130 463 1182 778.
486 1129 614 1182 δυοῖν]
634 1133 739 1171 δυεῖν
758 1129 915 1185 aliquot
935 1131 1052 1171 codd.
1075 1141 1115 1172 et
1136 1133 1269 1173 Turn.

370 1200 463 1252 781.
486 1201 642 1254 φράσω]
669 1201 818 1254 φράσαι
839 1202 948 1243 Rob.

369 1271 568 1312 ἐκλύσοντ’
594 1273 676 1326 ἐμέ]
703 1273 919 1314 ἐκλύσοντά
936 1291 985 1325 με
1004 1273 1160 1329 aliquot
1179 1274 1297 1315 codd.

369 1345 463 1399 783.
492 1344 576 1396 μηδ’
606 1345 795 1401 ἀτιμάσῃς
819 1346 979 1400 λόγους]
1005 1346 1238 1387 Certissime
1266 1360 1432 1401 repono,
1452 1345 1536 1397 μηδ’
1559 1347 1747 1403 ἀτιμάσῃς

309 1411 444 1462 λόγου.
497 1412 648 1451 Sensus
667 1420 748 1452 est:
782 1412 850 1463 Μὴ
870 1411 1058 1468 ἀτιμάσῃς
1078 1413 1175 1464 ἡμᾶς
1194 1416 1261 1452 τοῦ
1281 1415 1354 1453 σοῦ
1371 1414 1506 1465 λόγου.
1545 1413 1613 1453 Ne
1632 1414 1748 1454 nobi-3

310 1478 485 1532 deneges
504 1480 788 1519 narrationem
810 1493 932 1534 quam
949 1479 1142 1534 petimus.
1197 1479 1263 1519 Ita
1281 1478 1466 1534 OEdipus
1484 1479 1595 1534 apud
1618 1479 1745 1534 Soph.

311 1542 415 1585 OEd.
439 1544 532 1585 Col.
554 1558 623 1598 49.
653 1545 760 1597 Πρὸς
789 1548 858 1586 νῦν
888 1548 999 1595 θεῶν,
1021 1544 1050 1585 ὦ
1080 1549 1195 1595 ξεῖνε,
1226 1544 1278 1595 μή
1305 1545 1346 1595 μ’
1377 1544 1565 1600 ἀτιμάσῃς
1593 1545 1746 1587 Τοιόνδ’

310 1610 470 1668 ἀλήτην,
493 1612 547 1651 ὧν
568 1627 615 1651 σε
634 1611 863 1663 προστρέπω
880 1611 1040 1663 φράσαι.
1103 1610 1341 1666 Respondet
1362 1611 1529 1666 hospes:
1562 1611 1744 1663 Σήμαινε,

310 1678 401 1718 κούκ
420 1678 553 1728 ἄτιμος
574 1676 616 1718 ἔκ
636 1677 671 1730 γ’
695 1679 786 1729 ε’μοΰ
808 1681 938 1728 φανεῖ.
969 1676 1089 1717 Adde
1110 1677 1292 1732 ejusdem
1313 1676 1466 1718 fabulae
1483 1687 1602 1732 1273.
1626 1678 1745 1730 1278.

309 1744 413 1785 OEd.
444 1745 548 1799 Tyr.
571 1746 665 1798 789.
729 1746 780 1784 In
813 1744 875 1784 his
904 1743 1093 1784 omnibus
1127 1742 1324 1794 ἀτιμάζειν
1358 1742 1421 1783 vel
1455 1744 1591 1794 ἄτιμον
1620 1748 1746 1785 ποιεῖν

308 1810 469 1851 nullum
488 1825 727 1866 responsum
748 1811 848 1851 dare
870 1809 1083 1865 significat.
1143 1809 1268 1852 Quod
1291 1808 1344 1849 ad
1370 1809 1595 1864 genitivum
1623 1811 1746 1863 λόγου

307 1877 468 1927 attinet,
489 1877 663 1918 conferri
693 1887 825 1933 potest
853 1876 989 1917 Theb.
1009 1889 1129 1919 1021.
1152 1875 1220 1916 ubi
1249 1877 1384 1927 ἄτιμον
1405 1878 1584 1929 ἐκφορᾶς,
1605 1891 1745 1918 carere-

309 1949 386 1983 tem
387 1944 566 1998 funere,
590 1943 694 1983 dixit
716 1945 858 1984 Poeta.
890 1944 1038 1983 ELM.
1101 1943 1231 1982 Recte
1250 1943 1416 1998 corrigit
1433 1944 1569 1995 λόγου.

366 2011 462 2063 785.
483 2011 672 2062 λύσοντα]
698 2026 746 2050 σε
766 2009 924 2049 addunt
946 2009 1101 2064 aliquot
1119 2008 1238 2049 codd.
1260 2017 1299 2049 et
1321 2008 1419 2048 Ald.

363 2075 459 2131 γὰρ]
481 2078 557 2128 γὰρ
579 2080 648 2117 νῦν
669 2086 749 2116 tres
768 2075 886 2116 codd.
909 2084 949 2116 et
970 2075 1069 2116 Ald.

365 2143 459 2195 787.
482 2143 526 2182 οὐ
546 2156 626 2182 0111.
647 2157 742 2197 pars
761 2141 945 2183 codicum
968 2151 1006 2182 et
1029 2142 1160 2182 Rob.:
1194 2141 1511 2196 superscriptum
1535 2142 1657 2182 habet
1679 2143 1741 2183 M.

365 2209 459 2261 789.
480 2208 529 2258 ἣν
545 2208 745 2260 ἐγγράφου
761 2208 810 2248 σὺ
824 2207 1017 2259 μνήμοσιν
1037 2207 1186 2250 δέλτοις
1201 2207 1375 2262 φρενῶν]
1395 2208 1588 2248 Imitatur
1603 2217 1743 2250 auctor

310 2274 532 2330 Hermippi
552 2274 703 2330 dialogi
724 2289 748 2315 a
769 2274 939 2315 Blochio
959 2274 1057 2315 editi
1076 2289 1118 2330 p.
1142 2274 1193 2315 28
1215 2285 1315 2315 extr.

367 2349 461 2394 790.
491 2341 646 2392 ῥεῖθρον
672 2341 840 2393 ἠπείρων
866 2341 976 2394 ὅρον]
1002 2340 1154 2381 Phasin
1175 2350 1283 2381 recte
1303 2339 1490 2395 intelligit
1513 2341 1548 2380 I.
1564 2341 1621 2380 H.
1639 2342 1741 2382 Vos·

307 2406 391 2447 sius
419 2406 459 2446 in
491 2406 669 2462 epistolis
696 2406 868 2463 mythol.
892 2407 969 2448 vol.
995 2420 1030 2448 2.
1053 2422 1092 2461 p.
1112 2420 1202 2461 159.
1223 2408 1285 2447 ed.
1308 2421 1385 2446 sec.
1405 2405 1551 2446 collato
1572 2408 1739 2448 Prome-

307 2473 391 2514 thei
420 2473 542 2514 soluti
571 2473 800 2529 fragmento
833 2475 963 2527 (177.)
996 2477 1042 2529 τῇ
1070 2476 1143 2525 μὲν
1167 2474 1322 2525 δίδυμον
1340 2472 1484 2525 χθονὸς
1503 2473 1686 2526 Εὐρώπης
1709 2472 1718 2529 Ι

305 2539 432 2593 μέγαν
450 2540 507 2591 ἠδ’
528 2538 668 2582 Ἀσίας
687 2539 854 2592 τέρμονα
874 2543 1014 2581 Φᾶσιν.

364 2617 459 2660 791.
479 2607 667 2660 ἀντολὰς]
692 2608 889 2648 ἀνατολὰς
908 2606 1025 2646 codd.
1049 2605 1198 2661 plures.

363 2677 578 2726 φλογῶπας
598 2672 803 2712 Pauwius.
855 2671 990 2726 Vulgo
1010 2671 1236 2724 φλογωπάς.
1286 2672 1496 2711 Lacunam
1520 2680 1613 2726 post
1633 2671 1742 2711 hunc

307 2754 466 2779 versum
489 2739 682 2779 indicavit
698 2738 945 2779 Brunckius.
978 2739 1124 2778 Plures
1141 2753 1279 2778 versus
1299 2737 1511 2786 excidisse,
1531 2737 1571 2777 in
1591 2737 1742 2792 quibus

306 2806 376 2845 Ius
395 2820 468 2860 per
489 2805 631 2845 Asiam
654 2819 808 2845 errores
828 2803 1018 2858 descripti
1037 2803 1201 2854 fuerint,
1223 2803 1393 2858 conjecit
1414 2803 1596 2844 Vossius..

364 2883 460 2924 792.
483 2871 645 2925 πόντου]
669 2871 814 2911 πόντον
834 2871 898 2910 Μ.
919 2879 960 2910 et
980 2869 1064 2909 duo
1083 2869 1148 2910 alii
1170 2884 1262 2910 cum
1285 2869 1387 2910 Ald.
1480 2864 1482 2866 ¹

361 2947 456 2990 793.
479 2936 672 2986 Κισθήνης
693 2937 929 2977 A.C.D.M.
951 2945 989 2975 et
1010 2935 1326 2990 superscriptum
1347 2936 1387 2975 in
1410 2937 1459 2975 B.
1483 2938 1666 2986 Κισθίνης
1682 2937 1731 2976 Β.
