1898 3256
321 210 378 250 32
794 209 1286 251 ANNOTATIONES

322 328 443 360 ratae:
474 319 697 360 scholiastae
710 331 846 361 autem
863 321 1072 362 annotatio
1087 331 1168 362 tam
1184 321 1376 375 ambigua
1392 329 1452 360 est
1466 328 1511 359 ut
1528 318 1624 359 nihil
1642 319 1754 360 aliud

321 401 373 427 ex
388 401 436 426 ea
450 386 582 441 colligi
599 388 724 442 possit
740 402 861 442 quam
878 387 1186 442 grammaticum
1203 386 1423 443 quendam,
1440 385 1558 441 cujus
1570 385 1622 426 de
1636 394 1756 427 aetate

322 461 364 492 et
394 452 634 493 auctoritate
664 453 763 493 nihil
792 463 1044 508 compertum
1074 454 1287 503 habemus,
1319 462 1410 508 post
1442 452 1623 492 vinctum
1656 453 1758 493 Pro-

323 519 529 559 metheum
558 519 597 559 in
628 519 766 560 codice
796 536 870 560 suo
890 521 1069 560 solutum
1095 521 1319 576 repperisse
1339 519 1631 560 Prometheum
1656 534 1758 574 prae-

323 585 624 641 dictionemque
646 587 879 627 Promethei
909 603 946 627 v.
967 599 1193 641 510-—514
1219 587 1271 627 ad
1299 602 1346 627 ea
1374 585 1575 627 rettulisse
1594 601 1688 641 quae
1716 586 1755 625 in

324 652 510 707 proxima
528 652 727 708 tragoedia
745 662 876 694 essent
900 662 1108 701 eventura,
1131 653 1222 694 licet
1252 652 1510 694 manifestum
1542 652 1592 693 sit
1622 660 1662 692 et
1690 651 1758 692 illa

324 728 366 760 et
393 719 473 760 alia
505 719 630 774 hujus
663 720 822 775 generis
858 721 989 774 (velut
1025 735 1061 761 v.
1101 722 1192 774 176.
1225 731 1319 774 524.
1361 722 1669 772 1024—1029.)
1705 719 1758 759 ab

326 786 541 841 AEschylo,
561 786 680 826 etiam
704 786 734 826 si
757 787 1048 828 Prometheum
1081 787 1257 828 solutum
1283 801 1494 842 nunquam
1525 786 1758 841 scripsisset,

326 853 426 907 fingi
454 853 648 908 potuisse.
707 854 881 894 Accedit
908 855 959 894 ad
982 854 1057 894 hoc
1077 855 1188 909 quod
1215 853 1344 894 multa
1366 853 1600 909 hujusmodi
1629 852 1761 893 hario-

326 919 398 959 lati
421 928 517 959 sunt
545 919 814 974 grammatici,
834 920 1038 961 interdum
1070 921 1172 960 adeo
1191 930 1332 960 contra
1351 920 1582 960 manifestas
1602 929 1757 975 tempo-

326 1000 418 1026 rum
448 986 636 1034 rationes,
665 994 712 1026 ut
740 985 780 1025 in
815 986 1011 1042 exemplis
1037 987 1090 1027 ad
1117 987 1406 1042 Aristophanis
1438 988 1688 1042 Fragmenta
1717 1002 1758 1042 p.

325 1064 423 1106 551.
459 1064 557 1106 552.
593 1052 656 1093 ed.
693 1053 826 1093 Oxon.
862 1053 1004 1094 allatis.
1065 1054 1214 1108 Itaque
1242 1053 1438 1108 conjicere
1471 1053 1637 1108 quidem
1670 1053 1762 1094 licet

327 1118 508 1172 ejusdem
540 1127 758 1175 utramque
787 1120 1028 1175 tragoediam
1060 1119 1233 1175 trilogiae
1261 1119 1400 1170 fuisse,
1425 1129 1536 1160 certo
1562 1120 1761 1161 affirmare

328 1199 410 1224 non
432 1184 536 1226 licet.

390 1397 426 1425 1.
448 1386 676 1439 ΚΡΑΤΟΣ]
701 1385 852 1438 Κράτος
866 1395 906 1426 et
923 1388 996 1427 Βία
1009 1387 1095 1442 jam
1117 1386 1168 1427 ab
1185 1386 1369 1427 Hesiodo
1387 1385 1570 1440 (Theog.
1589 1400 1626 1425 v.
1643 1386 1761 1440 385.)

330 1461 622 1499 memorantur,
643 1451 716 1506 qui
740 1467 808 1492 eos
827 1468 919 1493 cum
943 1453 1057 1508 Ζήλῳ
1083 1463 1124 1494 et
1142 1454 1243 1509 Νίκῃ
1266 1452 1405 1508 Stygis
1425 1451 1575 1493 Oceani
1598 1451 1692 1492 filiae
1713 1467 1764 1492 ex

332 1517 517 1558 Pallante
537 1517 640 1558 filios
658 1533 744 1559 esse
765 1519 961 1573 perhibet.
1023 1521 1114 1561 Has
1143 1519 1199 1560 ait
1228 1534 1386 1574 semper
1404 1518 1514 1574 apud
1537 1520 1566 1559 J
1569 1533 1684 1559 ovem
1707 1533 1765 1559 se-

329 1585 439 1635 dere,
461 1599 592 1639 neque
624 1599 805 1640 unquam
835 1586 888 1626 ab
914 1602 962 1627 eo
992 1586 1206 1642 segregari.
1259 1585 1469 1639 (Similiter
1490 1584 1766 1626 Callimachus

332 1651 471 1707 hymn.
493 1651 533 1691 in
555 1652 585 1691 J
589 1666 651 1692 ov.
673 1661 714 1692 et
733 1652 978 1707 Apollodor.
1001 1653 1069 1694 lib.
1092 1657 1143 1706 1.)
1197 1654 1270 1694 Βία
1288 1663 1423 1694 autem
1448 1652 1489 1693 in
1519 1652 1597 1693 hac
1617 1660 1766 1707 tragoe-

330 1717 398 1758 dia
419 1727 534 1757 muta
552 1732 725 1772 persona
743 1728 818 1759 est.
871 1718 1021 1771 Κράτος
1035 1720 1141 1760 enim
1164 1735 1238 1760 suo
1257 1729 1296 1760 et
1319 1720 1428 1760 illius
1449 1719 1610 1760 nornine
1635 1718 1765 1774 loqui-

332 1795 412 1826 tur.
445 1786 575 1825 SCH.
599 1784 644 1838 (i.
666 1800 701 1825 e.
724 1785 1000 1839 Schuetzius).

387 1851 544 1906 χθονὸς]
586 1851 808 1892 Scholiasta
842 1852 1131 1908 Aristophanis
1169 1852 1222 1893 ad
1258 1854 1365 1894 Ran.
1394 1853 1488 1906 827.
1522 1852 1765 1908 AEschylum

333 1918 588 1970 ἐριβρεμέταυ
616 1934 640 1959 a
669 1927 787 1974 poeta
823 1919 976 1960 dictum
1008 1919 1224 1960 ostendens
1251 1922 1314 1961 διὰ
1346 1921 1390 1960 τὸ
1433 1923 1650 1972 βροντῶδες
1691 1923 1767 1960 τῶν

332 1985 512 2038 ῥημάτων
532 1986 595 2025 καὶ
615 1989 823 2036 κομπῶδες,
846 1985 899 2026 ob
919 1986 1100 2026 tonitrua
1122 1987 1338 2027 verborum
1364 1996 1403 2027 et
1425 1986 1636 2027 sublimem
1659 1985 1764 2026 soni-

333 2061 437 2102 tum,
467 2066 536 2091 sex
567 2051 719 2106 priores
752 2051 875 2107 hujus
907 2053 1118 2108 tragoediae
1147 2067 1287 2093 versus
1314 2052 1428 2102 citat,
1459 2062 1506 2092 ut
1533 2051 1767 2107 AEschyleae

332 2117 699 2173 grandiloquentiae
719 2117 952 2173 exemplum
973 2119 1168 2173 praebeat,
1189 2133 1270 2159 non
1302 2134 1449 2174 magno
1469 2118 1632 2173 quidem
1657 2117 1769 2172 judi-

333 2185 418 2226 cio:
450 2194 558 2225 certe
577 2184 617 2224 in
638 2194 817 2239 quatuor
835 2185 1039 2240 prioribus
1069 2185 1170 2225 nihil
1198 2185 1418 2226 admodum
1442 2199 1647 2234 sonorum,
1668 2184 1769 2224 nihil

333 2252 445 2307 quod
477 2267 600 2307 supra
630 2251 890 2306 Euripidem,
914 2252 1062 2292 nedum
1096 2267 1219 2307 supra
1244 2252 1486 2308 Sophoclem
1517 2267 1558 2292 se
1587 2251 1769 2300 attollat3

334 2319 375 2359 in
397 2319 560 2360 duobus
579 2318 776 2374 proximis
795 2328 856 2358 est
871 2318 1035 2373 quidem
1058 2319 1294 2374 AEschyleae
1316 2318 1682 2374 grandiloquentiae
1701 2317 1771 2359 ali-

335 2386 451 2441 quid,
473 2385 543 2426 sed
571 2385 683 2440 quod
710 2385 763 2425 ab
789 2384 930 2425 eodem
958 2384 1155 2426 sexcentis
1181 2385 1222 2425 in
1252 2385 1350 2426 locis
1376 2393 1615 2441 superetur;
1650 2394 1710 2434 ut,
1740 2385 1772 2425 si

336 2462 461 2494 totam
501 2452 730 2508 periocham
774 2467 798 2492 a
843 2451 1054 2493 scholiaste
1096 2452 1259 2493 citatam
1296 2462 1464 2508 spectes,
1499 2452 1613 2493 nullo
1651 2451 1774 2493 modo

335 2535 412 2576 pro
442 2519 630 2575 exemplo
659 2522 727 2559 τοῦ
759 2519 1002 2571 βρουτώδους
1036 2519 1098 2559 καὶ
1131 2520 1350 2570 κομπώδους
1379 2519 1528 2560 adduci
1557 2528 1772 2560 mereatur.

339 2588 559 2628 STANL.
620 2587 771 2626 Totam
802 2585 906 2626 hanc
933 2600 1089 2626 scenam
1118 2585 1357 2641 paraphrasi
1377 2586 1542 2626 donavit
1564 2585 1775 2626 Lucianus

337 2654 377 2694 in
398 2654 561 2708 dialogo
581 2652 654 2707 qui
676 2652 947 2693 Prometheus
967 2652 1031 2692 vel
1053 2652 1260 2693 Caucasus
1279 2652 1523 2693 inscribitur.
1546 2653 1772 2693 BLOMF.

396 2719 466 2773 εἷς]
494 2719 765 2760 scribendum
787 2719 827 2761 ἐς
845 2733 896 2759 ex
917 2717 1040 2759 schol.
1062 2717 1276 2773 Aristoph.
1298 2719 1405 2758 Ran.
1423 2719 1518 2771 827.
1537 2718 1625 2771 (ubi
1645 2717 1771 2758 codex

339 2788 445 2827 Rav.
476 2788 544 2839 εἰς)
578 2795 632 2836 et,
654 2785 726 2840 qui
757 2784 1009 2825 scholiastam
1041 2784 1265 2840 exscripsit,
1297 2784 1422 2825 Suida
1451 2800 1481 2825 s.
1502 2800 1541 2826 v.
1573 2783 1771 2836 ἐριβρεμέ-

338 2871 418 2897 τας.
451 2862 592 2907 estque
612 2852 699 2893 haec
718 2851 850 2892 forma
871 2851 1024 2906 ubique
1045 2850 1246 2907 AEschylo
1260 2850 1510 2892 restituenda
1529 2861 1622 2892 ante
1639 2850 1774 2891 literas

338 2928 623 2962 consonantes:
657 2919 708 2958 de
727 2933 811 2972 quo
830 2917 915 2958 dixi
936 2918 987 2958 ad
1010 2917 1222 2973 Aristoph.
1246 2917 1426 2958 Acharn.
1451 2930 1543 2970 242.
