1898 3256
382 240 437 282 66
854 244 1348 286 ANNOTATIONES

436 351 540 407 μηδ’]
562 352 646 404 μήδ’
667 354 848 394 A.B.M.
870 353 1032 408 aliique.
1063 353 1200 409 Vulgo
1218 354 1314 405 μήτ’.

436 419 531 474 438.
562 419 919 475 προυσελούμενον]
943 420 1114 462 Codices
1142 420 1326 476 plerique
1344 429 1384 460 et
1405 419 1506 460 Ald.
1529 419 1639 460 Rob.
1665 419 1804 475 Steph.

378 486 707 537 προσελούμενον.
758 486 886 526 Pauci
919 487 1250 538 προσηλούμενον,
1283 502 1332 527 ex
1365 501 1450 541 quo
1480 494 1718 540 corruptum
1749 494 1809 525 est

378 552 758 602 προσσιλλούμενον,
780 552 890 606 quod
912 552 1037 593 habet
1058 553 1191 593 Turn.
1233 553 1302 592 Ex
1324 553 1386 592 M.
1408 552 1577 592 affertur
1594 553 1810 603 προσεηλύ-

376 633 507 667 μενον.
558 618 706 657 Veram
744 618 982 673 scripturam
1016 620 1356 671 προυσελούμενον
1395 620 1603 659 Porsonus
1633 617 1809 658 restituit

378 683 524 724 collato
553 685 696 739 Etym.
728 685 791 724 M.
822 700 860 739 p.
880 686 978 738 690,
1004 698 1065 725 11.
1098 685 1367 737 Προσέληνοι;
1401 689 1636 736 προυσελεῖν
1666 683 1809 739 (vulgo

376 751 659 802 προυσελλεῖν)
681 750 845 802 λέγουσι
874 751 918 791 τὸ
946 753 1128 804 ὑβρίζειν·
1161 753 1222 793 καὶ
1250 755 1288 794 οἱ
1312 753 1506 805 Ἀρκάδες,
1530 753 1660 802 ἐπειδὴ
1679 755 1808 793 λοιδο-

375 818 525 867 ρητικοί
540 818 652 857 εἷο-ιν·
683 818 802 859 οὕτως
822 819 864 857 ἐν
883 818 1123 869 ὑπομνήματι
1142 819 1377 871 Προμηθέως
1397 820 1604 870 δεσμώτου.
1634 826 1675 859 et
1695 818 1808 859 resti-

376 890 511 922 tuerat
541 882 602 922 vir
630 882 775 923 doctus
808 884 852 923 in
882 884 1063 938 margine
1097 885 1337 940 exemplaris
1369 885 1665 926 Needhamiani
1695 884 1806 940 apud

377 947 682 998 Blomfieldum‚
713 948 858 989 collata
890 949 1024 1004 glossa
1054 950 1252 1005 Hesychii
1281 955 1535 1003 προυγελεῖν;
1567 952 1806 1003 προπηλακί-

373 1019 466 1064 ζειν,
499 1016 682 1066 ὑβρίζειν,
712 1015 825 1070 quod
858 1019 1092 1069 προυΡελεῖν
1125 1031 1218 1057 cum
1253 1017 1460 1072 digammo
1492 1017 1686 1073 scriptum
1723 1032 1808 1057 esse

376 1079 540 1120 videtur
559 1081 814 1122 Buttmanno
837 1082 970 1123 Lexil.
992 1082 1071 1123 vol.
1090 1095 1127 1124 2.
1148 1098 1189 1138 p.
1217 1085 1305 1124 161.
1352 1083 1572 1138 Vulgarem
1592 1083 1704 1124 verbi
1724 1083 1807 1123 for-

375 1159 482 1186 mam
513 1146 591 1187 alia
617 1148 772 1203 praebet
801 1148 933 1203 glossa
953 1149 1152 1205 Hesychii
1173 1154 1378 1202 Προσελεΐ
1397 1149 1543 1201 (codex
1572 1148 1775 1202 προσέλει)
1795 1166 1804 1190 :

374 1216 662 1265 προπηλακίζει.
697 1215 965 1271 Aristophani
985 1217 1093 1258 Ran.
1116 1227 1211 1270 730.
1235 1216 1304 1257 ubi
1323 1217 1639 1268 προσελούμενον
1657 1215 1807 1255 violato

374 1288 505 1320 metro
537 1281 762 1337 legebatur,
792 1286 1086 1334 προυσελοῦμεν
1115 1283 1273 1323 restitui
1303 1298 1354 1323 ex
1385 1281 1521 1323 codice
1553 1283 1805 1322 Ravennate.

374 1347 459 1387 Pro
476 1362 525 1388 eo
545 1352 836 1401 προυγελοῦμεν
856 1349 1051 1404 scriptum
1070 1349 1183 1405 apud
1205 1349 1413 1390 Stobaeum
1436 1347 1581 1389 Floril.
1601 1361 1672 1400 43,
1697 1349 1765 1391 28.

428 1426 526 1465 441.
557 1413 647 1455 ἀλλ’
669 1416 784 1469 αὐτὰ]
818 1417 924 1456 ἀλλὰ
943 1419 1063 1456 ταῦτα
1082 1415 1201 1457 codd.
1225 1424 1433 1471 quattuor.
1485 1416 1585 1455 Duo
1613 1414 1678 1455 alii
1700 1416 1807 1455 ἀλλὰ

372 1483 492 1520 ταῦτα
510 1480 596 1530 μέν.

429 1548 649 1601 εἰδυίαισιν]
673 1550 880 1589 οῑδυίαισιν
900 1547 1000 1588 Ald.

427 1626 526 1665 442.
547 1616 619 1655 τάν
637 1615 815 1671 βροτοῖς]
836 1632 898 1667 γρ.
920 1614 950 1656 τ’
973 1616 1183 1667 ἆμβροτοῖς
1202 1615 1252 1655 Β.

426 1680 600 1734 πήματα]
623 1682 844 1732 πταίσματα
863 1682 1182 1737 superscriptum
1204 1681 1244 1721 in
1264 1682 1315 1721 B.

428 1758 525 1798 444.
547 1748 782 1802 ἐπηβόλους]
805 1749 1014 1798 ἐπιβόλους
1033 1747 1151 1789 codd.
1172 1747 1328 1803 aliquot
1347 1755 1388 1788 et
1407 1746 1509 1787 Ald.
1532 1748 1666 1787 Turn.

426 1815 525 1864 446.
546 1814 614 1868 ὧν]
635 1815 715 1854 οἷσι
734 1815 843 1855 Α.Β.

429 1879 578 1934 δέδωκ’]
601 1880 707 1921 ἔδωκ’
730 1882 779 1922 F.

427 1959 525 1999 449.
545 1947 710 2002 χρόνον]
731 1949 825 1999 βίον
845 1949 909 1987 Μ.
931 1957 971 1988 et
991 1946 1058 1987 alii
1082 1945 1262 2002 plurimi,
1283 1960 1334 1986 ex
1353 1945 1605 2001 glossemate,
1628 1954 1675 1985 ut
1694 1945 1805 1986 vide-

372 2020 453 2052 tur.
505 2013 613 2052 Cum
644 2014 843 2068 scriptura
871 2013 1040 2068 vulgata.
1067 2021 1325 2067 comparetur
1356 2011 1479 2066 Soph.
1509 2011 1684 2052 Philoct.
1704 2013 1802 2065 306.

371 2080 505 2118 πολλὰ
524 2081 599 2130 γὰρ
620 2079 711 2120 τάδε
732 2081 775 2120 ἐν
794 2083 845 2134 τῷ
864 2082 996 2134 μακρῷ
1016 2078 1158 2132 γένοιτ’
1180 2079 1229 2119 ἂν
1249 2079 1460 2131 ἀνθρώπων
1479 2079 1621 2132 χρόνῳ.

426 2155 525 2198 450.
557 2146 682 2199 κοῦτε]
718 2145 958 2201 Respondet
993 2146 1037 2185 οὐ
1071 2160 1190 2184 versu
1225 2144 1434 2200 proximo:
1468 2144 1579 2198 quod
1608 2143 1804 2185 similibus

371 2225 499 2264 quum
523 2211 767 2266 tragicorum
790 2221 878 2252 tum
899 2211 1070 2251 aliorum
1101 2211 1342 2266 scriptorum
1364 2209 1559 2265 exemplis
1587 2210 1803 2251 illustravit

373 2277 603 2318 Schaeferus
622 2277 675 2318 ad
696 2277 844 2318 Lamb.
868 2279 961 2318 Bos.
983 2277 1128 2332 Ellips.
1149 2292 1189 2332 p.
1209 2290 1300 2330 229.

426 2356 523 2396 451.
562 2343 808 2397 προσείλους]
848 2331 1068 2396 προσῧλους
1122 2343 1189 2383 Μ.
1267 2342 1486 2394 προσήλους
1533 2341 1632 2382 Ald.
1692 2342 1801 2383 Rob.

373 2409 514 2464 Steph.
557 2419 596 2450 et
637 2409 759 2450 codd.
806 2409 1015 2450 nonnulli:
1065 2411 1296 2462 προσείλους
1349 2408 1536 2464 plerique
1583 2418 1624 2448 et
1666 2409 1801 2448 Turn.

368 2482 396 2500 ‘⁶
416 2477 466 2516 In
499 2476 671 2517 Philost.
699 2475 781 2516 Vit.
816 2475 1009 2531 Apollon.
1038 2488 1074 2526 2,
1108 2477 1172 2516 18.
1206 2475 1325 2516 codd.
1357 2475 1514 2515 variant
1547 2474 1653 2514 inter
1681 2476 1802 2526 πρόσ-

371 2548 458 2583 ειλα
491 2551 532 2583 et
565 2542 758 2595 πρόσηλα,
801 2557 975 2598 quorum
1018 2541 1219 2597 posterius
1254 2541 1460 2582 Gruterus
1501 2550 1540 2581 et
1584 2540 1804 2581 Salmasius

368 2619 510 2650 contra
537 2609 764 2664 analogiam
798 2609 1038 2664 praeferunt,
1068 2608 1268 2649 formatur
1298 2607 1403 2648 enim
1440 2607 1492 2648 ab
1518 2609 1616 2658 ε’ίλη,
1640 2622 1717 2647 non
1749 2607 1802 2648 ab

368 2675 501 2725 ἥλιοςε
535 2675 614 2716 vid.
648 2675 869 2716 Ruhnken.
891 2675 943 2716 ad
975 2674 1084 2716 Tim.
1116 2689 1156 2729 p.
1184 2676 1249 2727 96.
1281 2675 1424 2729 Etym.
1457 2675 1521 2714 M.
1551 2688 1592 2728 p.
1616 2675 1712 2727 690,
1739 2686 1800 2727 15.

370 2740 590 2793 Πρόσειλος
620 2744 731 2784 οἰκία.
763 2742 886 2783 Phot.
907 2742 1010 2782 Lex.
1033 2739 1264 2792 Πρόσειλος.
1295 2740 1390 2793 πρὸς
1419 2739 1489 2790 τὴν
1514 2743 1582 2780 τοῦ
1599 2740 1713 2790 ἡλίου
1734 2739 1799 2779 αὐ-

367 2807 441 2859 γὴν
461 2809 738 2860 ἐστραμμένος.
773 2809 825 2848 In
842 2807 1035 2863 Euripid.
1055 2806 1253 2847 Phoeniss.
1270 2808 1366 2859 674.
1383 2820 1459 2861 pro
1476 2806 1666 2856 εὐηλίοισι
1681 2805 1800 2844 Mus—

367 2874 534 2929 gravius
554 2875 784 2916 emendavit
812 2875 1011 2921 εὐείλοισι,
1033 2883 1073 2914 et
1103 2875 1252 2916 εὔειλος
1280 2872 1403 2913 habet
1432 2872 1573 2926 Etym.
1596 2871 1660 2910 M.
1692 2870 1801 2911 Pho-

368 2942 449 2982 tius
470 2951 604 2982 tamen
627 2943 790 2992 Εὕηλος.
819 2941 982 2992 εὐήλιος.
1015 2939 1311 2991 Ἀριστοφάνης.
1343 2951 1489 2992 nempe
1510 2937 1550 2978 in
1573 2937 1679 2977 Rau.
1702 2947 1798 2987 240.
