1898 3256
580 215 668 254 Al)
701 213 1180 254 PROME'PHEUM.
1564 214 1619 253 85

212 328 302 383 μου]
322 344 389 380 μοι
410 327 511 369 Ald.
533 328 642 368 Rob.
663 337 704 368 et
723 327 879 383 aliquot
901 326 1022 367 codd.

215 396 313 436 618.
333 395 512 450 ὥχμασε]
534 395 722 449 ὤχμασεν
743 395 809 435 M.

212 465 309 516 619.
332 463 551 518 βούλευμα]
571 463 756 515 βούλημα
777 462 887 504 Rob.

215 531 315 586 δῖον]
339 531 610 572 Scribendum
632 531 750 572 litera
769 530 1000 587 majuscula
1022 535 1135 572 Δῖον.

214 599 309 652 625.
340 598 468 653 μήτοι]
494 598 585 650 μήτι
607 598 729 640 codd.
750 598 910 654 aliquot
930 607 972 640 et
993 598 1102 639 Rob.
1125 612 1221 638 cum
1244 597 1414 638 Thoma
1437 599 1500 639 M.
1524 614 1554 639 s.
1579 614 1617 638 v.

154 665 303 717 μέλλω.
332 666 446 718 μήτοι
465 666 590 708 schol.
611 666 762 723 Eurip.
786 667 894 708 Hec.
914 677 1014 721 570.

211 736 310 776 626.
333 753 399 777 σοι
417 750 498 776 om.
521 734 625 776 Ald.
686 736 772 776 Pro
791 750 840 776 eo
859 740 928 777 τοῦ
949 744 1010 776 est
1030 734 1072 775 in
1097 735 1163 776 M.
1185 734 1358 790 aliisque
1378 744 1420 775 et
1443 735 1554 776 Rob.

214 804 311 856 627.
352 803 398 844 οὐ
436 803 478 844 in
513 802 672 859 aliquot
702 802 823 844 codd.
856 802 1069 854 omissum,
1100 803 1141 844 in
1174 804 1240 844 M.
1277 803 1619 860 superscriptum.

158 870 354 912 Similiter
386 881 600 927 peccatum
634 886 701 927 ap.
740 871 869 927 Soph.
894 871 969 927 Aj.
995 884 1094 927 540.
1129 873 1169 912 τί
1200 874 1296 923 δῆτα
1322 870 1467 923 μέλλει
1495 872 1548 923 μὴ
1574 872 1619 913 οὐ

155 939 376 992 παρουσίαν
396 938 505 993 ἔχειν
523 957 532 987 ;
567 938 639 980 ubi
659 939 704 980 οὐ
724 938 878 980 omittit
897 938 1029 980 codex
1051 938 1320 980 Florentinus
1339 943 1383 981 Γ.

212 1006 309 1047 628.
341 1006 493 1062 θρᾶξαι]
526 1006 794 1048 Scribebatur
824 1006 973 1059 θράξαι.
1037 1008 1282 1049 Correctum
1314 1022 1339 1048 a
1360 1008 1621 1049 Buttmanno

157 1074 291 1116 Lexil.
314 1074 392 1115 vol.
417 1088 453 1116 1.
476 1089 517 1130 p.
541 1086 637 1117 212.

212 1144 309 1197 629.
339 1146 501 1194 μᾶσσον
531 1142 597 1198 ὡς]
627 1145 788 1195 μᾶσσον
816 1142 840 1194 ἢ
871 1144 923 1186 ὡς
952 1142 1076 1184 codd.
1108 1143 1287 1185 Vindob.
1319 1143 1405 1185 duo
1434 1151 1475 1184 et
1508 1142 1620 1184 varia

154 1210 275 1251 lectio
305 1209 418 1266 apud
457 1210 720 1251 Turnebum.
761 1209 974 1262 μασσόνως
1010 1209 1034 1262 ἢ
1071 1210 1150 1262 ’μοὶ
1186 1210 1426 1252 Elmsleius.
1487 1212 1620 1252 Recte

153 1278 278 1319 habet
316 1278 519 1334 scriptura
554 1277 737 1334 vulgata.
800 1278 867 1319 Sic
902 1277 1052 1335 Lysias
1088 1294 1130 1335 p.
1164 1292 1257 1334 109.
1295 1281 1415 1332 (272.
1452 1278 1617 1331 Reisk.)

151 1347 368 1400 ἡγούμενος
385 1349 544 1398 μᾶλλον
563 1346 757 1400 λέγεσθαι
778 1347 830 1390 ὥς
844 1363 910 1398 μοι
925 1350 1111 1400 προσῆκε.
1135 1362 1177 1403 p.
1198 1361 1290 1387 111.
1311 1348 1428 1402 (285.
1453 1347 1617 1402 Reisk.)

153 1415 231 1468 ἐγὼ
252 1416 327 1468 γὰρ
347 1415 396 1455 τὰ
417 1414 502 1466 ἐμοὶ
521 1414 848 1468 προστεταγμένα
868 1414 1024 1456 ἅπαντα
1044 1416 1336 1468 προθυμότερον
1355 1417 1550 1468 πεποίηκα
1569 1417 1621 1460 ὡς

153 1481 229 1523 ὑπὸ
270 1484 337 1533 τῆς
373 1482 529 1526 πόλεως
558 1483 847 1536 ἠναγκαζόμην.
909 1483 1069 1540 Attigit
1109 1483 1221 1524 hunc
1262 1498 1383 1524 usum
1420 1483 1620 1540 loquendi

155 1548 393 1590 Nitzschius
421 1550 475 1591 ad
507 1550 693 1592 Platonis
717 1552 807 1592 Ion.
829 1566 872 1607 p.
901 1553 967 1605 76.
1029 1552 1080 1592 In
1112 1551 1242 1592 altero
1271 1550 1361 1592 loco
1391 1551 1533 1608 Lysiae
1563 1554 1620 1594 ὧν

153 1617 413 1660 scribendum
447 1618 669 1660 videbatur
697 1619 891 1661 Reiskio:
932 1635 1016 1676 qua
1044 1620 1349 1661 constructione
1378 1619 1547 1661 duobus
1575 1620 1618 1662 in

152 1686 251 1728 locis
278 1685 411 1727 utitur
433 1688 650 1737 Isocrates,
671 1703 711 1744 p.
738 1688 834 1741 267.
866 1688 1009 1744 Steph.
1041 1692 1122 1731 τοῖς
1151 1692 1289 1741 χεῖρον
1318 1688 1533 1740 γεγονόσιν
1562 1690 1619 1729 ὧν

153 1756 192 1796 οἶ
218 1755 330 1807 νόμοι
352 1755 679 1808 προστάττουσιν.
711 1764 751 1796 et
783 1755 836 1796 de
865 1755 994 1796 antid.
1025 1771 1066 1811 p.
1088 1758 1185 1810 456.
1218 1754 1285 1795 ed.
1319 1753 1452 1795 Bekk.
1483 1757 1554 1799 τὰς
1583 1757 1616 1796 δ’

153 1823 281 1867 ἄλλας
308 1825 555 1876 λειτουργίας
587 1823 930 1876 πολυτελέστερον
964 1823 1318 1875 λελειτουργήκατε
1353 1823 1417 1863 καὶ
1448 1822 1618 1864 κάλλιον

153 1892 207 1933 ὧν
237 1893 275 1933 οἱ
305 1893 417 1943 νόμοι
445 1890 772 1944 προστάττουσιν.
808 1891 919 1931 unde
948 1891 1122 1932 fortasse
1151 1900 1273 1932 erunt
1306 1889 1378 1946 qui
1412 1890 1617 1947 AEschylo

152 1975 321 2016 quoque
340 1961 396 2001 ὧν
414 1959 630 2000 restituere
650 1958 800 2000 volent.

209 2029 306 2083 630.
326 2027 536 2084 προθυμεῖ]
559 2029 736 2083 προθυμῇ
755 2026 863 2068 libri.

210 2096 307 2150 636.
349 2095 483 2138 ἄλλως
516 2093 784 2150 τε-πατρὸς]
820 2093 1004 2134 Inachus
1037 2095 1111 2134 Ius
1145 2101 1278 2149 pater,
1311 2094 1416 2136 sicut
1447 2094 1617 2136 omnino

153 2162 325 2204 flumina
353 2163 528 2219 reliqua,
557 2163 711 2204 Oceani
742 2171 784 2204 et
813 2162 1005 2218 Tethyos
1032 2162 1143 2203 filius
1173 2173 1273 2204 erat.
1335 2163 1406 2204 Cf.
1436 2163 1611 2204 Hesiod.

155 2231 318 2287 Theog.
340 2247 379 2273 v.
399 2232 484 2286 336
506 2247 595 2287 sqq.
619 2232 753 2272 SCH.

211 2301 307 2355 637.
339 2300 390 2342 ὡς
419 2299 711 2353 τάποκλαῦσαι]
740 2297 966 2339 Librorum
996 2297 1258 2352 quorundam
1281 2297 1379 2339 vitia
1405 2308 1500 2339 sunt
1522 2297 1613 2339 ὥστ’

153 2368 415 2415 ἀποκλαῦσαι,
431 2368 481 2410 ὡς
494 2368 780 2413 κᾶποκλαῦσαι,
791 2376 846 2415 et,
861 2363 976 2420 quod
989 2364 1029 2404 in
1048 2363 1148 2405 Ald.
1159 2365 1269 2406 Rob.
1288 2365 1432 2421 Steph.
1448 2364 1613 2421 legitur,

154 2435 203 2478 ὡς
225 2435 488 2476 ἀποκλαῦσαι.
541 2434 691 2474 Veram
714 2432 960 2488 scripturam
981 2431 1141 2486 primus
1160 2431 1340 2473 restituit
1362 2432 1601 2473 Turnebus.

210 2502 502 2554 κάποδύρασθαι
522 2501 587 2541 Μ.
608 2499 775 2556 aliique.
837 2498 976 2554 Vulgo
997 2499 1298 2551 κᾶποδύρεσθαι.

209 2570 308 2625 638.
331 2570 423 2623 ὅπη]
449 2569 540 2611 ὅποι
562 2569 628 2609 Μ.
649 2567 803 2623 aliique
825 2565 1011 2608 nonnulli
1032 2573 1074 2606 et
1096 2566 1208 2608 Rob.

207 2635 370 2691 μέλλει]
410 2635 554 2687 μέλλοι
595 2635 716 2676 C.M.
762 2642 804 2675 et
849 2633 1048 2674 Cantabr.
1101 2633 1272 2689 primus.
1335 2633 1461 2684 Quod
1511 2633 1615 2674 reci-

153 2702 364 2759 piendum.

210 2770 308 2821 642.
348 2769 551 2822 ὀδύρομαι]
588 2767 763 2809 Codices
795 2767 952 2822 aliquot
992 2777 1033 2807 et
1073 2781 1216 2823 margo
1253 2767 1318 2807 M.
1359 2767 1612 2820 αἰσχύνομαι,

151 2850 275 2892 quam
297 2834 530 2885 lectionem,
552 2836 606 2876 ab
626 2835 844 2876 scholiasta
863 2849 1033 2890 quoque
1052 2844 1338 2883 memoratam,
1362 2833 1613 2875 verissimam

151 2918 237 2944 esse
260 2902 381 2944 facile
408 2903 553 2943 sentiet
580 2902 653 2958 qui
684 2902 912 2958 proximam
945 2902 1021 2942 Ius
1050 2900 1325 2942 narrationem
1356 2901 1614 2943 considerare

149 2969 272 3020 volet,
294 2970 335 3010 in
357 2985 442 3026 qua
462 2969 583 3025 plura
604 2977 699 3011 sunt
721 2983 817 3029 quae
839 2983 918 3029 non
947 2968 1033 3010 sine
1061 2967 1233 3025 pudoris
1257 2968 1437 3026 quadam
1461 2968 1615 3025 signifi*-
