1898 3256
340 225 396 266 74
810 223 1304 264 ANNOTATIONES

338 335 550 390 opiferque
583 348 661 390 per
692 334 826 375 orbem
859 335 1009 384 Dicor,
1039 340 1077 375 ec
1116 334 1334 374 herbarum
1373 333 1553 387 mclgjecta
1582 333 1770 388 potentia

337 402 490 443 nobi3.''
521 401 741 442 STANL.

394 469 491 518 484.
513 468 570 521 δὲ]
593 466 861 508 Scribendum
882 482 925 507 τε
944 481 993 507 ex
1018 467 1083 507 Μ.

393 534 492 586 486.
535 535 654 588 ὕπαρ]
700 535 845 574 Verum
877 533 1109 574 Somnium.
1159 533 1331 573 Homer.
1367 531 1445 572 Od.
1478 535 1524 572 Τ.
1555 542 1652 585 547.
1685 531 1767 572 Οὔκ

338 601 446 651 ὄναρ,
468 599 557 640 ἀλλ’
578 601 678 652 ὕπαρ
708 599 866 648 ἐσθλὸν,
888 598 909 638 ὃ
931 599 992 638 καὶ
1012 597 1292 649 τετελεσμένον
1313 598 1435 639 ἔσται.
1465 597 1641 638 Photius
1660 598 1767 638 Lex.

330 664 475 718 οὝπαρ·
508 665 717 718 ἐγρηγορὸς
746 666 915 705 ὀπτασία
946 663 1095 719 (Angl.
1126 678 1154 704 a
1183 664 1460 719 clay-dream.)
1484 663 1638 714 ἀληθής.
1669 677 1765 703 con-

338 732 457 772 sentit
479 732 660 787 Hesych.
693 732 813 771 Plato
834 731 1036 771 Theaetet.
1058 745 1102 785 p.
1129 731 1206 784 158
1229 732 1277 771 C.
1300 732 1390 773 εἴτις
1416 731 1539 782 ἔροιτο
1560 733 1629 771 νῦν
1647 730 1767 771 οὕτως

338 800 382 839 ἐν
401 802 452 854 τῷ
471 800 644 851 παρόντι,
667 799 831 850 πότερον
852 799 1085 848 καθεύδομεν
1107 797 1168 836 καὶ
1187 797 1314 837 πάντα
1333 797 1358 837 ἃ
1378 797 1633 847 διανοούμεθα
1662 797 1763 836 ὄνει-

335 867 542 917 ρῶττομεν,
581 865 604 915 ἢ
644 864 910 917 ἐγρηγόραμέν
947 880 990 904 τε
1029 864 1090 904 καὶ
1126 864 1226 914 ὕπαρ
1266 862 1454 912 ἀλλήλοις
1494 862 1766 914 διαλεγόμεθα.

339 930 475 971 Schol.
501 931 543 970 in
575 930 737 971 Platon.
768 930 834 970 ed.
867 929 1091 970 Ruhnken.
1122 943 1163 983 p.
1187 927 1426 981 245.‘'T7rap
1460 928 1544 968 ἐστὶ
1569 928 1613 968 τὸ
1642 927 1768 978 μέσον

338 997 605 1049 ἐγρηγόρσεως
635 997 696 1037 καὶ
724 998 846 1037 ὕπνου
875 996 1082 1047 ὁρώμενον.
1128 994 1389 1044 Ammonius,
1412 993 1542 1046 ι’Ὗπαρ
1571 995 1768 1045 ὀνείρατος

336 1062 523 1114 διαφέρει.
554 1064 655 1115 ὕπαρ
682 1063 756 1113 μὲν
780 1061 855 1114 γάρ
886 1063 994 1101 ἔστιν
1024 1061 1048 1112 ἡ
1076 1060 1240 1112 ἐναργὴς
1270 1061 1375 1113 ὄψις·
1406 1061 1558 1112 ὄνειρον
1584 1061 1640 1110 δὲ,
1670 1061 1694 1110 ἡ
1724 1061 1768 1100 ἑν

335 1131 387 1183 τῷ
419 1130 616 1170 καθεύδειν
646 1129 860 1182 φαντασία.
890 1126 962 1168 ubi
992 1126 1084 1168 vide
1115 1125 1309 1167 Valcken.
1341 1125 1566 1167 Animadv.
1596 1141 1638 1181 p.
1670 1136 1766 1179 217.

337 1195 567 1236 BLOMF.

393 1261 596 1315 κληδόνας]
621 1262 772 1301 Omina
791 1274 883 1316 quae
893 1274 977 1315 per
998 1259 1270 1310 vocemfiunt.
1305 1258 1489 1313 Choeph.
1511 1270 1633 1312 1043.
1653 1257 1767 1313 quod

336 1326 442 1380 φήμη
461 1327 667 1367 interdum
691 1326 852 1376 dicitur,
873 1336 920 1367 ut
938 1341 1004 1382 ap.
1025 1325 1240 1380 Aristoph.
1264 1327 1349 1366 Av.
1374 1335 1469 1378 720.
1500 1325 1730 1366 BLOMF.

391 1394 489 1446 487.
511 1394 682 1435 ἐνοδίους
703 1409 743 1433 τε
763 1393 1005 1446 συμβόλους]
1033 1393 1182 1432 Omina
1201 1405 1292 1447 quae
1306 1392 1350 1431 iu
1367 1392 1516 1431 itinere
1533 1396 1768 1439 occurrunt,

335 1459 456 1515 quale
475 1469 590 1500 erant
609 1459 911 1514 Agamemnoni
930 1458 1080 1514 aquilae
1099 1457 1216 1512 lepus
1230 1464 1432 1507 vorantes,
1448 1457 1490 1497 in
1506 1460 1659 1511 Agam.
1676 1470 1693 1496 1
1705 1469 1768 1498 12.

334 1526 447 1582 quod
477 1526 532 1566 ibi
563 1535 732 1566 vocatur
758 1526 865 1565 ὅδιον
892 1525 1040 1577 κράτος.
1098 1523 1299 1573 Quaedam
1328 1533 1539 1563 enumerat
1569 1523 1770 1564 Horatius

338 1594 476 1634 Carm.
496 1605 539 1646 3,
558 1602 625 1644 27,
646 1605 680 1632 1.
698 1606 808 1646 seqq.
841 1590 998 1631 Tibull.
1019 1603 1057 1639 1,
1074 1602 1113 1643 3,
1136 1603 1198 1642 19.
1217 1591 1419 1645 Oquoties
1438 1591 1656 1645 ingressus
1674 1591 1769 1639 iter,

335 1660 437 1699 mihi
469 1660 609 1699 tristia
638 1658 729 1697 dixi
757 1658 967 1712 Offinsum
995 1658 1043 1696 in
1067 1662 1234 1711 portam
1266 1657 1394 1711 signa
1427 1657 1585 1697 dedisse
1610 1657 1767 1711 pedem.

335 1726 390 1767 cf.
413 1724 623 1765 Theocrit.
651 1724 716 1773 18,
744 1725 805 1763 16.
840 1723 1029 1763 Infausta
1047 1722 1191 1763 itinera
1213 1721 1436 1777 AEschylus
1455 1732 1572 1763 vocat
1590 1724 1770 1775 παρόρνι-

337 1796 406 1835 θας
425 1793 580 1844 πόρους,
598 1792 777 1831 Eumen.
796 1790 889 1843 769.
923 1788 1179 1843 Hujusmodi
1199 1789 1336 1829 omina
1355 1788 1627 1829 Athenienses
1646 1791 1772 1840 ὄρνεις

336 1858 536 1899 vocabant
552 1873 564 1907 3
596 1855 810 1911 Aristoph.
833 1856 914 1895 Av.
936 1865 1031 1908 719.
1044 1853 1187 1906 Ὄρνιν
1215 1872 1258 1896 τε
1288 1857 1459 1906 νομίζετε
1487 1854 1600 1895 πάνθ’
1621 1856 1771 1906 ὅσαπερ

336 1926 424 1978 περὶ
442 1926 625 1977 μαντείας
645 1923 839 1974 διακρίνει·
872 1921 985 1971 Φήμη
1015 1919 1051 1972 γ’
1071 1922 1162 1972 ὑμῖν
1190 1922 1295 1973 ὄρνις
1325 1922 1423 1962 ἐστί·
1452 1922 1627 1973 πταρμόν
1655 1920 1686 1961 τ’
1708 1922 1771 1972 ὄρ·

338 1995 427 2032 νιθα
461 1994 626 2031 καλεῖτε·
671 1989 885 2038 Ξύμβολον
915 1988 1037 2038 ὄρνιν·
1079 1986 1214 2038 φωνὴν
1247 1988 1366 2038 ὄρνιν·
1411 1986 1612 2039 θεράποντ’
1649 1989 1770 2039 ὄρνιν·

338 2059 432 2098 ὄνον
455 2058 576 2108 ὄρνιν.
608 2055 680 2096 ubi
708 2053 830 2094 schol.
861 2053 1061 2104 ξύμβολον
1087 2053 1195 2103 ὄρνιν
1223 2053 1358 2104 φησὶν,
1390 2053 1521 2103 ἐπειδὴ
1548 2054 1772 2104 συμβόλους

339 2125 495 2164 ἐποίουν
516 2123 603 2165 τοὺς
621 2126 753 2173 πρῶτα
772 2123 1047 2170 ξυναντῶντας,
1070 2118 1132 2158 καὶ
1152 2118 1193 2167 ἐξ
1213 2118 1464 2168 ἀπαντήσεως
1493 2135 1528 2158 τι
1554 2120 1768 2170 προσημαί·

339 2205 490 2230 νοντας.
522 2189 741 2239 ξυμβόλους
759 2187 802 2225 δὲ
823 2186 884 2225 καὶ
899 2185 985 2227 τοὺς
1004 2186 1066 2225 διὰ
1083 2188 1159 2224 τῶν
1172 2188 1354 2236 πταρμῶν
1369 2186 1596 2235 οἰωνισμοὺς
1616 2185 1769 2238 ἔλεγον.

339 2255 567 2296 ἆνετέθεντο
583 2255 624 2294 δὲ
645 2254 749 2293 οὗτοι
770 2251 954 2303 Δήμητρι,
976 2251 1026 2293 ὥς
1044 2256 1143 2303 φησι
1162 2251 1394 2303 Φιλόχορος.
1426 2251 1620 2306 Xenoph.
1639 2252 1769 2292 Mem.

343 2335 380 2369 Ι,
412 2334 448 2370 1,
473 2334 515 2374 3.
546 2321 634 2360 ὅσοι
661 2318 847 2370 μαντικὴν
877 2317 1108 2367 νομίζοντες,
1140 2318 1291 2359 οἰωνοῖς
1314 2334 1357 2357 τε
1384 2321 1553 2369 χρῶνται
1583 2318 1644 2358 καὶ
1672 2335 1768 2369 συμ-

337 2388 476 2438 βόλοις
507 2388 568 2427 καὶ
600 2387 764 2428 θυσίαις.
808 2385 862 2425 cf.
897 2385 1051 2439 Cyrop.
1083 2384 1124 2432 8,
1156 2394 1195 2435 7.
1230 2396 1270 2437 3.
1308 2382 1522 2438 Aristoph.
1555 2382 1667 2424 Plut.
1701 2385 1770 2439 63.

340 2454 570 2494 BLOMF.
619 2469 662 2493 τε
680 2467 758 2492 om.
780 2451 936 2506 aliquot
955 2450 1075 2490 codd.
1096 2459 1136 2490 et
1156 2449 1256 2490 Ald.
1279 2449 1386 2490 Rob.

394 2521 490 2572 488.
521 2520 798 2572 γαμψωνύχων
819 2535 862 2558 τε
887 2519 1029 2567 πτῆσιν
1048 2516 1209 2570 οἰωνῶν]
1243 2516 1389 2556 Suidas
1411 2515 1666 2571 Telegonum
1697 2532 1770 2557 au-

339 2586 514 2641 gurandi
535 2586 741 2626 scientiam
771 2583 966 2624 invenisse
996 2582 1144 2629 tradit;
1179 2581 1337 2622 Plinius
1358 2592 1396 2635 7,
1417 2583 1485 2636 56.
1516 2582 1571 2623 ait
1596 2597 1680 2623 esse
1708 2583 1770 2623 in—

340 2662 507 2693 ventum
540 2652 628 2707 ejus
662 2650 790 2699 Caris,
821 2665 847 2690 a
879 2663 963 2703 quo
998 2647 1119 2688 Caria
1151 2662 1298 2688 nomen
1333 2648 1546 2703 acceperit.
1604 2648 1692 2689 Alii
1730 2648 1771 2688 in

340 2719 510 2759 Etruria
539 2726 739 2773 repertam
760 2715 917 2763 volunt,
947 2723 1236 2768 auctoremque
1259 2714 1437 2754 extitisse
1467 2715 1625 2769 Tagen.
1647 2714 1771 2755 Ovid.

342 2786 449 2825 Met.
487 2795 548 2839 15,
579 2786 677 2838 558.
727 2782 836 2833 Quin
877 2781 930 2822 de
962 2780 1168 2822 Chaldaeis
1207 2786 1248 2833 (a
1278 2781 1429 2836 quibus
1465 2781 1517 2822 ad
1557 2781 1714 2836 Lydos,
1749 2795 1774 2821 a

342 2851 474 2906 Lydis
509 2851 558 2891 ad
601 2852 798 2891 Etruscos
829 2848 992 2888 videtur
1024 2847 1256 2900 defluxisse)
1291 2847 1500 2888 Diodorus
1539 2846 1700 2887 Siculus
1734 2859 1772 2896 2,
