1898 3256
349 221 432 264 276
822 223 909 263 AN
914 223 1239 263 NOTATION
1243 223 1314 262 Es

403 344 499 385 494.
536 330 693 382 Βόλβης
726 331 758 371 θ’
791 332 920 373 ἕλειον
951 331 1110 385 δόνακα]
1149 332 1216 371 De
1246 331 1323 371 hoc
1357 329 1447 371 lacu
1479 344 1511 370 s.
1546 328 1698 385 palude
1725 329 1777 369 cf.

351 398 573 453 Spanhem.
603 398 657 438 ad
687 398 923 439 Callimach.
950 399 1110 454 Hymn.
1141 396 1182 437 in
1213 396 1305 437 Del.
1327 411 1367 437 v.
1392 409 1484 451 134.
1529 394 1780 451 Thucydide

349 474 450 505 teste
481 479 523 517 4,
563 478 655 519 103.
691 464 743 505 ad
777 465 976 521 oppidum
1018 463 1271 504 Bromiscum
1310 463 1352 503 in
1392 477 1501 503 mare
1537 461 1780 517 ingreditur.

351 532 481 572 SCH.

404 597 634 652 Παγγαῖον]
655 602 862 650 Παγκαῖον
877 598 1032 653 aliquot
1051 597 1168 638 codd.
1201 600 1403 649 Παγγεῖον
1422 595 1524 636 Ald-

402 667 497 718 496.
528 663 684 718 χειμῶν’
706 665 847 719 ἄωρον]
873 665 1063 704 Hiemem
1092 664 1432 719 intempestivam,
1442 663 1604 717 frigas
1626 661 1678 701 ab
1703 660 1782 699 hac

345 733 449 772 anm·
469 738 703 787 tempestate
720 746 802 771 non
822 731 1148 786 exspectandum.
1182 731 1311 770 SCH.
1360 728 1544 783 Contigit
1564 726 1671 767 enim
1690 726 1779 766 haec

345 813 488 853 pugna
515 798 870 853 appropinquante
902 806 1059 838 tantum
1094 797 1240 845 hieme,
1270 796 1376 836 circa
1404 795 1637 835 vicesimum
1667 793 1775 834 diem

347 864 656 905 Bo'edromionis
685 864 792 905 tertii
822 865 969 905 mensis
998 863 1142 913 aestivi,
1178 872 1222 903 ut
1254 871 1425 903 testatur
1459 860 1708 901 Plutarchus
1735 859 1777 899 in

348 930 522 971 Camillo
540 946 574 971 c.
600 944 663 984 19.
713 931 835 980 Quod
855 940 895 972 et
913 946 964 971 ex
986 930 1202 971 Herodoto
1220 928 1408 983 colligere
1427 936 1502 977 est,
1519 926 1630 982 apud
1652 940 1774 981 quem

348 997 388 1046 8,
424 1011 514 1050 109.
537 996 834 1037 Themistocles
863 997 1134 1037 Athenienses
1173 1011 1267 1037 suos
1299 995 1352 1036 ab
1384 994 1639 1050 insequendo
1669 993 1779 1048 fugi-

347 1072 480 1104 entem
521 1063 675 1104 hostem
707 1063 948 1104 dehortatur
984 1063 1048 1103 his
1078 1062 1224 1112 verbis,
1254 1065 1323 1103 νῦν
1353 1063 1427 1113 μὲν
1461 1063 1504 1101 ἐν
1531 1063 1576 1111 τῇ
1609 1059 1778 1100 Ἑλλάδι

347 1132 644 1181 καταμείναντες
670 1130 799 1182 ἡμέων
826 1147 869 1171 τε
898 1130 1043 1171 αὐτέων
1074 1131 1363 1181 ἐπιμεληθῶμεν
1393 1129 1455 1169 καὶ
1482 1131 1557 1168 τῶν
1585 1126 1779 1167 οἰκετέων.

346 1199 412 1237 καί
434 1214 490 1240 τις
519 1199 643 1248 οἰκίην
662 1214 704 1237 τε
724 1197 1034 1245 ἀναπλασάσθω,
1057 1197 1117 1236 καὶ
1135 1197 1283 1248 σπόρου
1301 1197 1451 1236 ἀνακῶς
1480 1193 1614 1246 ἐχέτω,
1635 1208 1774 1233 παντε·

344 1265 424 1303 λῶς
453 1261 656 1303 ἀπελάσας
684 1260 752 1301 τὸν
779 1260 1000 1312 βάρβαρον,
1033 1260 1112 1310 ἅμα
1140 1262 1182 1300 δὲ
1213 1263 1264 1314 τῷ
1294 1260 1378 1312 ἔαρι
1407 1258 1684 1310 καταπλέωμεν
1714 1257 1778 1298 ἐπὶ

345 1326 645 1379 Ἑλλησπόντου
666 1328 728 1368 καὶ
745 1328 906 1378 Ἰωνίης.
939 1327 1158 1367 STANL.

400 1404 498 1449 497.
535 1397 657 1446 ἁγνοῦ
687 1392 924 1447 Στρυμόνος]
956 1393 1183 1448 Epitheton
1214 1406 1470 1447 nequaquam
1502 1400 1563 1431 est
1588 1390 1776 1439 otiosum,

345 1460 544 1514 siquidem
567 1461 717 1510 Persae,
739 1461 954 1500 Herodoto
973 1468 1088 1509 teste,
1103 1458 1248 1499 fluvios
1266 1457 1562 1514 religiosissime
1578 1456 1779 1506 colebant,

345 1535 384 1566 et
404 1535 604 1581 quantum
626 1526 711 1566 fieri
732 1535 882 1582 posset,
902 1541 1029 1581 puros
1046 1525 1351 1566 conservabant.
1394 1524 1487 1565 Vid.
1509 1523 1714 1564 Herodot.
1737 1536 1778 1571 1,

349 1593 442 1647 138.
472 1593 702 1634 BLOMF.
760 1592 979 1645 Στρυμόνος
998 1595 1120 1645 ἁγνοῦ
1139 1593 1308 1632 Barocc.
1328 1591 1430 1632 Ald.
1450 1590 1561 1632 Rob.

402 1660 501 1713 498.
521 1660 662 1712 ηὔχετο
679 1659 812 1698 Turn.
844 1660 980 1712 εὔχετο
996 1659 1095 1699 Ald.
1119 1658 1229 1699 Rob.
1249 1668 1303 1707 et,
1325 1667 1372 1699 ut
1390 1657 1566 1709 videtur,
1591 1656 1775 1698 codices:

346 1741 440 1766 nam
461 1725 538 1766 hoc
557 1741 607 1766 ex
630 1727 695 1766 M.
712 1735 964 1767 annotatum.

401 1807 498 1846 499.
527 1798 647 1845 γαῖαν
666 1792 830 1845 οὐρανόν
849 1793 907 1847 τε]
935 1793 1096 1833 Coelum
1124 1801 1164 1833 et
1186 1793 1359 1832 Terram
1379 1790 1608 1831 divinorum
1639 1789 1779 1831 numi-

344 1871 443 1897 num
473 1856 515 1896 in
546 1855 633 1896 loco
650 1865 700 1897 ,et
724 1871 896 1897 numero
918 1857 1150 1897 habuerunt
1176 1858 1336 1903 Persae3
1371 1856 1550 1904 Coelum,
1572 1865 1619 1896 ut
1639 1856 1776 1895 Hero-

345 1923 443 1964 doto
462 1923 608 1979 placet,
630 1923 708 1964 sub
728 1924 892 1965 nomine
912 1925 1006 1967 Διὸς
1027 1937 1064 1974 1,
1093 1937 1180 1978 131.
1200 1926 1238 1964 οἱ
1259 1925 1302 1964 δὲ
1322 1925 1517 1975 νομίζουσι
1537 1922 1607 1963 Διῒ
1620 1923 1694 1973 μὲν
1713 1922 1780 1962 ἐπὶ

347 1993 394 2031 τὰ
413 1989 644 2043 ὑψηλότατα
663 1994 740 2031 τῶν
759 1991 904 2043 οὐρέων
923 1993 1205 2042 ἀναβαίνοντες
1231 1992 1368 2033 θυσίας
1388 1991 1524 2043 ἔρδειν,
1545 1990 1615 2030 τὸν
1635 1990 1779 2030 κύκλον

346 2057 474 2098 πάντα
492 2060 561 2097 τοῦ
575 2057 739 2109 οὐρανοῦ
761 2059 839 2098 Δία
860 2057 1078 2099 καλέοντες.
1112 2057 1271 2097 >Strabo
1295 2070 1360 2111 15.
1386 2072 1427 2111 p.
1447 2067 1542 2111 732.
1561 2056 1644 2097 Τὸν
1665 2055 1778 2107 οὐρα-

348 2124 419 2164 νὸν
436 2124 642 2175 ἡγούμενοι
664 2125 754 2163 Δία.
806 2125 979 2163 Terram
1006 2124 1125 2164 etiam
1154 2125 1373 2163 Persarum
1401 2123 1478 2163 diis
1506 2130 1779 2162 annumerant

347 2188 601 2237 Herodotus,
625 2189 773 2229 Strabo
790 2188 817 2229 l.
837 2205 872 2229 c.
891 2198 932 2230 et
954 2189 1160 2245 Diogenes
1185 2189 1376 2230 Laertius
1403 2188 1443 2229 in
1475 2188 1691 2239 Prooemio‚
1712 2189 1779 2230 cui

347 2266 387 2297 et
407 2255 557 2296 hostias
576 2264 772 2295 mactatas
789 2255 888 2296 dicit
908 2256 1160 2311 Xenophon,
1178 2257 1212 2296 C
1214 2270 1332 2311 yrop.
1354 2256 1394 2304 8,
1409 2267 1451 2308 3,
1470 2268 1536 2307 24.
1558 2255 1778 2295 STANL.

403 2335 500 2377 505.
521 2322 645 2377 διῆκε]
670 2322 804 2363 Schol.
824 2325 927 2372 διῆκε
946 2323 1016 2363 τὸν
1034 2322 1210 2374 ποταμὸν
1227 2322 1366 2373 μέσον,
1385 2321 1506 2374 ἤγουν
1528 2324 1697 2363 διελθεῖν
1716 2321 1780 2362 καὶ

347 2391 484 2442 ῥεῦσαι
503 2389 565 2429 καὶ
581 2391 745 2439 λυθῆναι
762 2389 807 2429 τὸ
825 2388 1000 2441 πεπηγὸς
1017 2390 1189 2439 ἐποίησε.

406 2457 637 2509 θερμαίνων]
663 2457 917 2508 φλεγμαίνων
935 2455 1090 2510 aliquot
1109 2454 1228 2496 codd.

405 2523 503 2577 506.
537 2527 679 2562 πῖπτον
707 2523 867 2575 (πίπτον
893 2521 1006 2573 libri)
1034 2520 1065 2561 δ’
1094 2520 1151 2561 ἐπ’
1179 2522 1244 2574 (ἐν
1269 2530 1350 2561 tres
1374 2519 1515 2574 codd.)
1544 2519 1778 2575 ἀλλήλοισι]

351 2588 589 2644 Comparari
609 2597 788 2628 meretur
809 2586 1070 2643 Thucydidis
1097 2586 1210 2628 locus
1230 2598 1270 2639 7,
1291 2587 1358 2638 84.
1379 2586 1431 2627 de
1451 2586 1580 2627 Niciae
1598 2586 1779 2627 exercitu

348 2655 522 2696 fluvium
543 2664 800 2702 transeunte3
834 2656 894 2694 καὶ
913 2655 951 2694 οἱ
969 2653 1148 2704 πολέμιοι
1167 2654 1398 2704 ἐπικείμενοι
1421 2653 1601 2706 χαλεπὴν
1619 2653 1689 2704 ἤδη
1708 2653 1781 2703 τὴν

351 2722 534 2773 διάβασιν
555 2723 725 2762 ἐποίουν.
757 2719 891 2773 ἅθροοι
912 2722 987 2773 γὰρ
1007 2718 1312 2772 ἀναγκαζόμενοι
1329 2723 1488 2773 χωρεῖν,
1507 2717 1718 2761 ἐπέπιπτόν
1735 2735 1778 2760 τε

352 2788 539 2839 ἀλλήλοις
561 2787 622 2827 καὶ
641 2786 889 2828 κατεπάτουν.
921 2786 1149 2826 BLOMF.

408 2853 587 2909 εὐτυχὴς]
610 2854 764 2907 εὐτυχεῖ
782 2854 845 2894 M.
868 2860 907 2893 et
929 2860 1010 2893 tres
1028 2850 1108 2892 alii.
