1898 3256
367 245 456 286 AD
490 241 743 287 SEPTEM
774 239 1104 284 ADVERSUS
1136 240 1404 282 THEBAS.
1532 238 1618 281 217

153 355 415 397 conciliator-i
445 361 581 397 autem
615 354 746 411 (ferro
777 353 861 396 scil.
893 352 961 396 Cf.
993 353 1046 395 88
1047 354 1112 409 5.)
1148 353 1414 410 reprehensio
1442 357 1535 394 erat
1563 366 1616 393 ex

153 423 301 465 amicis
318 437 472 466 eorum.
506 424 622 466 Bene
641 422 769 465 schol.
788 421 1012 476 μέμφονται
1032 422 1075 464 δὲ
1095 423 1134 463 οἱ
1153 421 1267 474 φίλοι
1286 421 1339 478 τῷ
1360 422 1618 473 διαλλακτῆρι

154 491 283 534 αὐτῶν
303 492 458 548 σιδήρῳ.
490 491 723 534 BLOMF.
782 490 960 546 ἆμεμφίᾳ
979 488 1082 531 Ald.
1104 488 1217 530 Rob.

214 573 309 615 910.
342 561 419 602 οὐδ’
442 562 621 615 ἐπίχαρις
638 559 778 615 Ἀρης]
799 561 897 602 Non
918 557 1139 615 respondet
1159 556 1226 598 hic
1246 572 1390 598 versus
1410 555 1619 613 strophico

158 627 256 683 899.
278 630 486 683 διχόφρονι
504 630 653 685 πότμῳ.
684 629 863 682 ἐπίχαρις
882 626 988 668 alius
1009 625 1199 668 vocabuli
1219 624 1506 682 interpretatio
1531 639 1619 666 esse

157 694 338 746 videtur,
359 696 444 738 sive
462 695 506 749 id
528 698 690 751 ἔγχαρις
709 695 794 737 sive
819 694 934 737 aliud
953 693 1047 735 fuit.
1108 693 1257 735 Minus
1284 703 1431 750 aptum
1453 692 1621 735 videtur

158 763 330 818 εὔχαρις.
389 764 543 805 Versus
562 772 625 805 est
643 778 695 805 ex
715 777 866 819 genere
884 761 1088 818 glyconeo

703 838 1047 899 :'‡„„-1-

218 912 747 956 911—921=922—933.

217 981 268 1023 91
281 981 315 1008 1.
355 967 678 1023 σιδαρόπλακτοι]
711 968 1018 1020 σιδηρόπλακτοι
1056 965 1217 1022 aliquot
1255 964 1378 1006 codd.
1410 973 1453 1007 et
1483 965 1621 1007 Turn.

160 1035 453 1089 σιδηρόπλακτα
473 1035 575 1078 Ald.
605 1037 907 1089 σιδηρόπληκτοι
929 1035 993 1076 Μ.
1015 1033 1168 1091 aliique
1187 1032 1392 1075 nonnulli.

216 1116 314 1159 912.
332 1104 398 1156 ἡμ.
417 1103 569 1146 iterum
589 1103 809 1160 praefixum
830 1102 872 1143 in
893 1101 994 1144 Ald.
1018 1103 1156 1143 Turn.

219 1171 539 1227 σιδαρόπλακτοι]
561 1171 722 1213 Eadem
744 1185 841 1227 quae
861 1185 902 1212 v.
916 1183 966 1224 91
979 1183 1015 1211 1.
1036 1169 1238 1211 librorum
1253 1167 1529 1226 discrepantia
1546 1178 1623 1218 est,

160 1236 238 1278 nisi
261 1238 377 1294 quod
407 1239 712 1292 σιδηρόπλακτοι
731 1238 853 1290 Ald.,
874 1238 1181 1291 σιδαρόπληκτοι
1202 1239 1267 1280 Μ.
1328 1239 1432 1279 Post
1459 1237 1626 1290 μένουσι

159 1304 203 1346 in
237 1306 360 1347 L.M.
399 1321 540 1348 versus
572 1306 751 1349 insertus
790 1305 1020 1359 τετυμμένοι
1061 1305 1142 1358 δῆθ’
1184 1307 1294 1358 ὁμοῦ,
1333 1305 1534 1363 repetitus
1573 1321 1626 1348 ex
1680 1325 1683 1327 ·

160 1387 202 1414 v.
224 1372 323 1428 890.

218 1441 523 1494 σιδηρόπλακτοι
558 1445 696 1495 ταφῶν
734 1443 872 1496 λαχαὶ,
909 1443 1195 1500 Sepulcrmum
1233 1444 1472 1485 sortitiones
1494 1443 1627 1499 firro

143 1509 302 1565 sactoe,
323 1508 349 1550 i.
366 1524 400 1550 e.
421 1510 614 1564 sepulcra
615 1510 749 1566 ferro
768 1511 930 1567 effossa.
963 1511 1193 1553 BLOMF.

221 1589 320 1632 913.
343 1575 449 1632 τάχ’]
475 1577 579 1631 τάχα
599 1576 630 1619 δ’
653 1578 711 1619 Ν.
733 1577 836 1619 Ald-

222 1657 320 1700 914.
341 1644 408 1696 ἡμ.
429 1644 651 1701 praefixum
671 1645 714 1686 in
737 1646 874 1687 Turn.

221 1721 318 1767 915.
342 1715 444 1754 HM.
464 1727 546 1754 om.
568 1711 670 1754 Ald.
694 1714 833 1754 Turn.

224 1780 331 1834 ἀχὰν
362 1780 403 1823 ἐς
432 1780 500 1823 οὓς
528 1779 754 1822 Elmsleius
782 1780 836 1821 ad
863 1779 1014 1837 Eurip.
1038 1780 1158 1822 Med.
1179 1792 1275 1836 147.
1307 1782 1393 1836 ἀχὼ
1414 1781 1473 1824 ἐπ’
1494 1783 1632 1828 αὐτοὺς

167 1846 271 1889 Ald.
293 1847 434 1888 Turn.
466 1846 570 1902 ἆχῆν
591 1848 631 1891 ἐς
651 1847 791 1891 αὐτοὺς
810 1849 889 1889 Ar.
914 1847 1024 1889 Rob.
1056 1848 1135 1902 ἆχὴ
1161 1850 1216 1893 εἷς
1238 1849 1376 1894 αὐτοὺς
1398 1851 1447 1893 C.
1479 1851 1565 1906 ἀχὼ
1589 1854 1631 1896 ἐς

167 1914 305 1958 αὐτοὺς
331 1915 387 1956 Κ.
418 1914 554 1969 ἆχήεις
583 1914 722 1959 αὐτοὺς
746 1930 832 1956 var.
862 1915 954 1957 lect.
986 1916 1028 1958 in
1060 1918 1110 1958 Β.
1173 1917 1416 1968 Scholiasta,
1445 1919 1524 1961 ἀπὸ
1553 1924 1631 1962 τῶν

168 1984 297 2036 δόμων
315 1983 418 2038 ἠχὴν
438 1984 502 2025 καὶ
519 1983 624 2036 βοὴν
645 1982 867 2038 προπέμπει
888 1983 946 2026 ἐπ’
968 1985 1105 2029 αὐτοὺς
1124 1986 1220 2039 γόος
1241 1986 1304 2028 καὶ
1324 1989 1476 2040 θρῆνος.

225 2061 474 2108 917—920.
515 2051 693 2105 δαΐφρων
712 2077 770 2083 -
795 2051 802 2108 Ι
829 2051 947 2105 δάκρυ
962 2077 1020 2084 —
1045 2052 1052 2109 Ι
1079 2053 1385 2106 κλαιομένας-
1410 2054 1417 2112 Ι
1443 2059 1632 2099 τοῖνδε-

224 2196 324 2242 917.
347 2188 548 2241 δαϊόφρων
570 2189 851 2230 Hermannus.
884 2188 1061 2242 δαΐφρων
1079 2187 1188 2230 libri.

223 2255 287 2310 οὗ]
313 2254 345 2297 δ’
366 2256 413 2297 οὗ
434 2257 501 2298 Μ.
522 2256 676 2313 aliique
696 2256 896 2299 nonnulli.
929 2256 961 2298 τ’
983 2257 1030 2298 οὗ
1049 2257 1162 2299 Rob.

225 2323 447 2377 φιλογαθὴς
468 2325 533 2365 Μ.
553 2339 649 2366 cum
669 2325 806 2367 tribus
823 2324 924 2367 aliis.
956 2326 1182 2378 φιλαγαθὴς
1202 2326 1342 2383 vulgo.

225 2391 324 2444 918.
340 2391 581 2447 δακρυχέων]
603 2391 721 2445 δάκρυ
740 2392 848 2446 χέων
862 2391 1021 2448 aliquot
1036 2393 1158 2436 codd.
1179 2402 1221 2436 et
1233 2394 1336 2436 Ald.
1359 2397 1560 2451 δακρυχέω
1576 2399 1628 2439 C.

226 2457 286 2512 ἐκ]
325 2457 356 2499 δ’
392 2459 436 2500 ἐκ
469 2459 703 2501 C.E.M.N.
739 2459 937 2501 Cantabr.
975 2469 1164 2517 uterque,
1201 2462 1380 2505 Vindob.
1415 2473 1629 2520 quattuor,

170 2524 306 2566 Viteb.

226 2605 323 2648 920.
345 2593 596 2648 κλαιομένας]
619 2594 840 2645 κλαομένας
863 2596 1072 2636 Porsonus
1092 2605 1218 2638 recte.

225 2672 321 2714 921.
344 2660 472 2717 δυοῖν]
494 2664 600 2703 δυεῖν
621 2662 675 2703 Β.
707 2665 831 2704 δοιοΐν
854 2662 918 2703 Μ.

225 2739 323 2782 922.
342 2726 457 2770 ‘HM.
479 2743 562 2770 om.
588 2728 686 2771 Ald.
710 2730 846 2771 Turn.

226 2793 392 2847 πάρεστι
420 2794 473 2851 δ’]
507 2795 700 2849 πάρεστιν
726 2796 758 2837 δ’
782 2797 849 2838 Μ.
871 2807 913 2839 et
933 2797 1082 2839 omisso
1103 2797 1134 2840 δ’
1158 2800 1230 2841 Ar.
1252 2799 1358 2852 πάρα
1377 2800 1408 2842 δ’
1430 2811 1630 2857 quattuor

169 2860 250 2904 alii.

228 2940 329 2983 924.
350 2931 515 2974 πολίτας
536 2930 732 2973 Cantabr.
756 2931 975 2973 secundus.
1007 2934 1188 2978 πολίταις
1207 2933 1349 2992 vulgo.

230 2997 471 3051 925—960.
510 2996 707 3048 ξένων-
731 2997 738 3054 Ι
765 2999 809 3039 ἐν
849 2998 1018 3040 δαΐδι-
1042 2998 1050 3056 Ι
1075 3000 1150 3053 πρὸ
1166 3027 1219 3035 -
1244 3002 1252 3058 Ι
1278 3005 1567 3057 τεκνογόνοι-ν-
1596 3005 1604 3062 Ι

866 3082 889 3106 xz
909 3082 932 3107 e
