1898 3256
358 269 449 310 AD
482 269 736 311 SEPTEM
768 267 1100 310 ADVERSUS
1132 267 1403 308 THEBAS.
1534 267 1619 309 133

151 387 213 420 est
234 378 437 436 Hesychii
465 379 603 436 glossa
620 378 762 427 Ἐνυὼ,
784 378 977 432 πολεμικὴ
1007 378 1090 420 θεά.
1121 378 1146 429 ἡ
1172 377 1292 432 μάχη.
1325 377 1412 418 ἐστὶ
1441 378 1485 418 δὲ
1513 381 1619 419 πλα-

152 447 250 488 στὸν
278 448 505 500 πρόσωπον,
534 448 587 490 ὦς
615 447 766 499 Φόβος,
798 448 862 488 καὶ
881 445 995 500 Ἔρις
1019 446 1082 488 καὶ
1109 447 1316 498 Κυδοιμός.
1360 446 1537 488 Cornut.
1565 445 1620 487 de

152 515 252 556 Nat.
273 515 401 556 Deor.
423 530 465 571 p.
484 515 555 570 56.
573 513 702 556 Ἐνυὼ
720 515 759 556 οἱ
775 516 850 567 μὲν
868 514 1033 568 τροφὸν,
1053 515 1092 556 οἱ
1121 515 1163 555 δὲ
1186 513 1347 567 μητέρα,
1370 515 1409 555 οἱ
1435 515 1478 555 δὲ
1499 517 1620 567 θυγα-

150 581 246 635 τέρα
260 581 413 636 Ἀρεως
431 582 678 636 παρέδωκαν.
705 581 833 624 Ἐνυὼ
854 582 899 624 δέ
919 584 1028 624 ἐστιν
1042 582 1067 634 ἡ
1084 583 1246 623 ε’νιοῦσα
1267 581 1392 633 θυμὸν
1407 581 1470 622 καὶ
1491 581 1619 633 ἀλκὴν

150 654 231 694 τοῖς
258 650 508 705 μαχομένοις.
570 651 735 701 Facete,
759 660 806 691 ut
826 649 958 691 solent
978 648 1222 706 Etymologi
1254 659 1426 699 veteres,
1447 664 1618 690 consen-

150 716 278 759 tiente
299 720 443 774 Etym.
467 719 532 759 M.
554 734 596 775 p.
616 730 717 774 347,
735 729 806 774 53.
850 717 986 760 Schol.
1007 717 1050 759 in
1073 717 1197 758 Iliad.
1219 721 1266 758 E.
1286 729 1384 772 333.
1406 716 1548 766 Ἐνυὼ,
1570 717 1618 770 ἦς

149 787 190 826 οἱ
218 787 400 839 νεώτεροι
428 787 584 839 ποιηταὶ
612 786 840 828 υῒονεῖναί
864 791 969 840 φασι
997 785 1068 827 τὸν
1093 784 1234 839 Ἀρεα.
1284 784 1360 826 Ab
1396 785 1472 827 ἔνω
1499 784 1618 828 ducit

150 853 275 895 schol.
298 855 445 895 Venet.
464 853 505 894 in
530 853 653 895 Iliad.
677 858 718 894 P.
742 867 838 896 211.
870 855 1105 896 BLOMF.

207 923 367 976 Φόβον]
402 921 556 963 'Martis
584 921 715 962 filium
736 938 759 963 e
785 937 1007 979 congressu
1030 921 1202 963 Veneris
1232 930 1401 962 natum:
1435 920 1615 963 Hesiod.

151 989 370 1046 Theogon.
392 1005 432 1031 V.
454 1002 551 1046 932.

893 1079 1015 1132 αὐτὰρ
1029 1077 1150 1133 Ἀρηϊ

261 1142 470 1200 Ῥινοτόρῳ
491 1145 684 1198 Κυθέρεια
703 1147 844 1198 Φόβον
865 1147 929 1187 καὶ
950 1151 1102 1198 Δεῖμον
1123 1146 1287 1188 ἔτικτεν.

149 1259 212 1299 At
233 1257 468 1298 scholiastes
489 1267 627 1299 noster
647 1262 694 1299 A.
729 1258 883 1300 Martis
904 1274 1068 1300 servum
1089 1270 1319 1315 nuncupat.
1353 1260 1579 1301 STANL.

167 1354 170 1355 ν
205 1327 277 1377 46.
300 1325 571 1380 κατασκαφὰς]
593 1328 856 1379 κατασφαγὰς
876 1328 928 1367 Β.
949 1342 1043 1368 cum
1066 1342 1153 1368 var.
1174 1326 1267 1368 lect.
1289 1327 1557 1381 κατασκαφάς.

203 1405 275 1446 47.
296 1393 493 1434 Eundem
514 1394 601 1435 fere
622 1409 785 1435 versum
804 1394 930 1436 habes
949 1394 1057 1436 infra
1075 1406 1176 1451 531.
1211 1395 1446 1437 BLOMF.

203 1462 275 1513 48.
295 1460 427 1516 τήνδε]
454 1462 606 1514 πρόσθε
628 1462 831 1503 Stobaeus.

203 1543 274 1583 49.
304 1529 491 1583 μνημεῖα]
517 1533 661 1581 σημεῖα
692 1529 896 1571 Stobaeus.
931 1533 1128 1582 Μνημεῖα.
1160 1532 1208 1571 τὰ
1228 1532 1362 1572 οἴκαδε
1380 1533 1615 1583 πεμπόμενα

148 1597 224 1638 ὑπὸ
262 1600 339 1638 τῶν
375 1598 419 1637 ἐν
457 1596 619 1651 πολέμῳ
657 1599 991 1649 τετελευτηκότων
1028 1602 1117 1641 ποῖς
1156 1599 1322 1642 οἰκείοις.
1356 1598 1612 1656 Hesychius,

148 1665 260 1706 hunc
280 1665 415 1706 locum
437 1664 670 1721 respiciens.
705 1665 843 1706 Schol.
866 1665 954 1706 haec
973 1665 1031 1706 ait
1050 1665 1190 1717 fuisse,
1211 1668 1394 1719 περόνας,
1416 1665 1440 1718 ἢ
1461 1668 1613 1720 τρίχας,

146 1733 175 1785 ἥ
200 1750 237 1774 τι
267 1737 456 1774 τοιοῦτον.
490 1733 580 1776 ἔθος
612 1735 689 1786 γὰρ
718 1733 767 1784 ἦν
798 1734 888 1777 τοὺς
923 1735 967 1775 ἐν
1000 1734 1163 1789 πολέμῳ
1200 1737 1499 1787 (τελευτῶντας)
1531 1739 1614 1778 τοῖς

147 1802 303 1844 οἰκείοις
331 1800 501 1852 πέμπειν
528 1804 684 1852 σημεῖα,
713 1802 897 1853 περόνας,
929 1800 954 1853 ἢ
982 1804 1146 1849 ταινίας,
1176 1801 1200 1853 ἢ
1231 1805 1497 1857 βοστρύχους,
1523 1803 1549 1854 ἤ
1575 1819 1614 1843 τι

147 1871 337 1909 τοιοῦτον.
398 1869 555 1908 Forsan
587 1867 866 1924 supplendum
898 1873 1176 1912 τελευτῶντας.
1228 1869 1369 1926 Vulgo
1399 1874 1558 1922 σημεῖα,
1589 1868 1614 1921 ἢ

147 1938 330 1989 περόνας.
382 1936 455 1976 Ad
486 1951 571 1977 rem
603 1936 755 1992 Eurip.
778 1937 875 1992 Iph.
900 1938 1032 1979 Taur.
1052 1939 1148 1979 820.
1173 1939 1227 1979 Τί
1252 1938 1354 1991 γάρ;
1389 1939 1511 1990 κόμας
1541 1940 1616 1980 σὰς

146 2004 261 2056 μητρὶ
291 2006 415 2044 δοῦσα
436 2005 488 2055 σῇ
519 2003 683 2057 φέρειν;
717 2005 902 2057 Μνημεῖά
932 2007 971 2058 γ’
993 2007 1081 2047 ἀντὶ
1101 2006 1282 2058 σώματος
1311 2007 1455 2058 τούμοῦ
1485 2005 1613 2061 τάφῳ.

149 2074 379 2114 BLOMF.

204 2140 256 2196 θ’]
279 2139 310 2181 δ’
335 2140 538 2182 Stobaeus.
603 2173 606 2175 .

206 2210 262 2252 εἷς
281 2209 348 2249 Μ.
369 2218 410 2249 et
431 2208 636 2249 Stobaeus.
689 2206 828 2263 Vulgo
850 2209 903 2259 ἐς,
923 2208 1038 2264 quod
1059 2211 1354 2252 revocandum.

202 2289 274 2332 50.
293 2276 408 2331 πρὸς]
432 2276 530 2329 πρὸς
549 2275 581 2317 δ’
601 2275 760 2331 aliquot
779 2275 902 2317 codd.
925 2285 967 2317 et
987 2277 1097 2318 Rob.

205 2344 310 2399 ἅρμ’]
332 2343 466 2396 ἅρματ’
487 2343 646 2400 aliquot
661 2343 783 2385 codd.

204 2411 362 2466 χερσὶν]
380 2415 518 2466 χεροῖν
536 2410 695 2466 aliquot
715 2410 837 2452 codd.
857 2420 900 2452 et
919 2410 1024 2453 Ald.
1047 2412 1160 2453 Rob.

204 2488 276 2533 51.
297 2479 361 2519 διὰ
381 2478 525 2533 στόμα]
546 2481 609 2519 διὰ
629 2479 825 2530 στόματος
846 2479 904 2519 Ν.
935 2480 1014 2520 ἀνὰ
1034 2481 1164 2531 στόμα
1185 2480 1390 2522 Stobaeus.

175 2572 179 2573 ν
205 2554 275 2599 52.
297 2545 473 2599 ἀνδρείᾳ]
495 2546 633 2600 ἀνδρίᾳ
652 2545 782 2586 codex
805 2560 926 2587 unus.

204 2624 275 2667 53.
291 2610 395 2664 Ἀρη
417 2612 481 2653 Μ.
502 2622 544 2653 et
566 2612 769 2653 Stobaeus.
800 2612 941 2668 Vulgo
954 2612 1095 2665 Ἀρην.

205 2693 278 2734 54.
299 2679 437 2734 τῶνδε]
457 2680 556 2734 τῷδε
579 2679 782 2721 Stobaeus.

207 2748 366 2801 πύστις]
388 2747 585 2788 Auditus.
617 2747 806 2802 Hesych.
826 2748 987 2790 Πύστις·
1021 2748 1221 2800 ἐρώτησις,
1252 2751 1402 2797 πεῦσις,
1426 2750 1610 2803 ἀγγελία,

151 2816 259 2867 ἆκοή.
305 2814 458 2856 Rarior
477 2829 558 2856 vox
580 2825 655 2856 est.
688 2814 888 2870 Thucyd.
914 2828 952 2864 1,
971 2827 1011 2868 5.
1042 2817 1112 2858 τὰς
1131 2816 1292 2860 πύστεις
1322 2821 1399 2858 τῶν
1421 2825 1612 2861 καταπλε-

151 2884 288 2931 όντων,
311 2883 677 2938 interrogationes.
719 2881 951 2941 Philippus,
962 2881 1341 2924 Thessalonicensis
1359 2885 1474 2940 apud
1492 2886 1609 2927 Suid.

151 2964 190 2990 v.
228 2949 413 2991 Πύστεις.
449 2948 604 2989 Πύστιν
640 2947 718 2988 κατ’
751 2947 922 2998 ἐσθλὴν*
931 2944 1076 2991 ’ὕδατος
1109 2950 1300 2991 παιωνίου
1328 2948 1489 2993 Ἧλθέν
1521 2952 1611 2995 ποθ’

153 3016 371 3069 ἑρπύζουσα
391 3015 467 3056 σὺν
486 3015 600 3067 δρυὸς
629 3015 743 3070 ξύλῳ.
775 3015 823 3056 ob
834 3015 1009 3069 fizmam
1040 3029 1161 3072 aqaae
1189 3019 1465 3061 medicinalis.
1514 3019 1612 3062 Vid.
