1898 3256
279 201 364 244 262
748 203 1242 245 ANNOTATIONES

277 325 422 351 vorum
443 310 569 352 duces
588 319 786 352 vocantur
805 315 1040 366 σκηπτοῦχοι
1058 313 1265 362 βασιλῆες.
1297 309 1368 351 ubi
1398 308 1610 351 scholiasta
1634 324 1713 351 no-

278 385 340 418 tat
368 377 482 432 quod
510 386 552 419 et
582 378 620 418 οἶ
647 377 827 431 γέροντες
859 379 920 420 καὶ
951 380 988 419 οἱ
1021 380 1134 430 ἱερεῖς
1163 377 1516 430 ἐσκηπτροφόρουν.
1564 376 1714 432 Eurip.

280 442 377 499 Iph.
399 445 533 484 Taur.
557 453 650 498 235.
667 442 808 497 Ἀργει
827 447 1070 497 σκηπτοῦχον
1087 442 1293 496 Ὀρέσταν.
1344 442 1428 484 Hic
1447 442 1499 484 de
1517 442 1717 498 praefectu

277 509 441 550 militari
462 509 639 566 ponitur.
670 512 936 565 σκηπτούχους
955 510 1152 552 hodierno
1179 509 1370 551 idiomate
1390 509 1558 550 verteris
1581 508 1718 550 Field-

279 576 511 618 Marshals.
542 578 772 619 BLOMF.

335 643 430 698 298.
450 645 658 699 ἄνανδρον]
678 645 854 698 ἄναρχον
873 644 986 685 Rob.
1018 643 1141 694 Quod
1161 642 1233 699 qui
1254 642 1412 698 scripsit
1431 656 1512 683 non
1532 641 1715 683 animad-

276 709 399 751 vertit
419 710 612 763 ἄνανδρον
632 710 697 752 hic
717 711 860 752 eodem
881 726 1001 752 sensu
1022 710 1177 752 dictum
1197 725 1282 751 esse
1301 724 1386 765 quo
1400 724 1438 750 v,
1461 710 1554 750 166.

336 788 431 830 299.
453 776 555 828 φάος
573 776 733 831 βλέπει]
752 777 898 828 βλέπει
917 777 1019 830 φάος
1038 776 1160 818 schol.
1182 775 1398 832 Aristoph.
1421 776 1531 816 Ran.
1553 783 1674 830 1054.

331 855 409 896 301
421 872 431 883 .
452 842 595 883 λευκὸν
613 842 730 897 ἦμαρ]
753 843 946 884 Candida
966 844 1066 885 dies.
1097 843 1123 884 i.
1143 858 1176 884 e.
1196 844 1335 884 lucida
1354 856 1402 883 ac
1420 855 1578 883 serena.
1625 840 1718 881 Ab-

275 909 400 950 surda
419 916 516 950 sunt
533 922 629 964 quae
655 908 707 950 de
737 909 863 965 hujus
892 908 1107 950 locutionis
1132 909 1287 965 origine
1310 908 1480 950 tradunt
1498 907 1717 964 paroemio-

273 975 435 1031 graphi.
467 976 623 1031 Agam.
642 975 740 1028 669.
756 974 924 1016 Ἔπειτα
942 974 973 1016 δ’
997 974 1094 1029 ᾅδην
1112 976 1272 1017 πόντιον
1291 976 1543 1028 πεφευγότες,
1567 974 1718 1015 Λευκὸν

278 1041 361 1083 κατ’
381 1042 496 1095 ἦμαρ.
540 1041 728 1092 PhotiuS‚
759 1042 887 1093 Λευκὴ
915 1041 1050 1094 ἡμέρα.
1079 1042 1103 1093 ἡ
1133 1041 1271 1094 ἀγαθή.
1303 1042 1365 1082 καὶ
1395 1040 1452 1082 ἐπ’
1483 1041 1717 1094 εὐφροσύνῃ.

278 1109 451 1152 Εὔπολις
472 1109 634 1160 Κόλαξι.
676 1109 833 1150 Zenob.
855 1110 896 1158 6,
921 1119 986 1163 15.
1010 1108 1071 1150 καὶ
1091 1108 1320 1161 Μένανδρος
1346 1107 1390 1148 δέ
1414 1113 1536 1160 φησιν
1558 1109 1602 1148 ἐν
1619 1110 1718 1149 Λευ-

278 1177 394 1230 καδίῳ
430 1177 655 1230 (Λευκαδίᾳ)
685 1175 756 1227 τὴν
786 1175 936 1229 ἀγαθὴν
968 1175 1115 1232 ἡμέραν
1143 1175 1285 1226 λευκὴν
1316 1177 1533 1216 καλεῖσθαι.
1583 1175 1718 1215 Hero-

277 1242 387 1283 dian.
417 1257 460 1298 p.
485 1252 582 1295 477.
614 1242 766 1293 Λευκὴν
795 1241 942 1295 ἡμέραν
970 1245 1184 1295 διαγαγεῖν,
1212 1242 1282 1293 τὴν
1314 1242 1447 1292 ἡδεῖαν
1475 1241 1539 1282 καὶ
1566 1241 1717 1293 ἱλαράν.

279 1307 351 1349 ubi
371 1307 454 1350 vid.
475 1308 659 1350 Pierson.
697 1308 864 1349 Firmus
885 1308 1077 1363 Episcop.
1095 1308 1246 1349 Caesar.
1266 1306 1308 1347 in
1331 1306 1465 1362 Epist.
1484 1321 1550 1362 ap.
1573 1307 1721 1346 Mura-

279 1383 357 1416 tor.
387 1375 548 1416 Anecd.
579 1374 655 1416 vol.
677 1390 718 1432 5.
747 1389 789 1431 p.
815 1387 910 1429 292·
942 1376 984 1416 ἐκ
1014 1378 1204 1428 χειμῶνος
1235 1374 1296 1415 καὶ
1322 1374 1515 1426 τρικυμίας
1543 1372 1720 1426 γαλήνην

282 1441 387 1482 εἶδον
409 1442 472 1482 καὶ
491 1442 651 1494 ἡμέραν,
668 1440 712 1482 τὸ
733 1445 801 1481 τοῦ
816 1442 951 1494 λόγου,
972 1440 1126 1491 λευκήν.
1168 1439 1405 1481 Callimach.
1429 1440 1489 1480 H.
1511 1440 1603 1480 Cer.
1625 1451 1718 1494 123.

282 1507 436 1549 Λευκὸν
456 1508 538 1560 ἔαρ,
559 1507 701 1548 λευκὸν
731 1509 773 1548 δὲ
803 1507 914 1560 θέρος
943 1508 1006 1548 καὶ
1033 1511 1151 1560 χεῖμα
1180 1506 1359 1559 φέροισα.
1410 1504 1599 1546 Catullus
1620 1506 1658 1556 8,
1679 1519 1720 1561 3.

283 1575 458 1615 Fulsere
487 1576 694 1630 quondam
725 1588 918 1615 CANDIDI
950 1575 1024 1615 tibi
1056 1587 1199 1615 soLEs.
1242 1572 1462 1614 Petronius
1493 1572 1602 1613 Arb.
1629 1582 1719 1626 127.

281 1657 322 1697 p.
344 1643 440 1683 611.
463 1655 807 1685 CANDIDIORQUE
830 1654 929 1681 msss
949 1646 1099 1681 secreto
1109 1640 1239 1695 favit
1256 1642 1402 1681 amori.
1442 1638 1723 1680 Antiatticista

284 1709 494 1763 Sangerm.
515 1723 555 1763 p.
582 1709 673 1749 106.
695 1708 847 1759 Λευκὴν
875 1707 1032 1760 ἡμέραν.
1063 1707 1134 1758 τὴν
1163 1706 1328 1760 ἀγαθήν.
1373 1708 1580 1758 Σοφοκλῆς
1604 1704 1721 1747 Ἀθά·

281 1791 410 1826 μαντι.
445 1775 634 1831 Sophocl.
655 1775 731 1830 Aj.
755 1775 848 1826 708.
870 1775 1012 1816 λευκὸν
1031 1774 1218 1827 εὗάμερον
1238 1772 1350 1826 φάος.
1382 1773 1609 1813 BLOMF.

339 1841 601 1896 μελαγχίμου]
622 1842 890 1894 μελαγχείμου
909 1840 1012 1881 Ald.
1034 1841 1142 1881 Rob.

339 1921 437 1963 303.
468 1909 681 1963 Σιληνίων]
719 1908 853 1950 Schol.
875 1909 1054 1961 αἰγιαλός
1085 1909 1170 1949 ἐστι
1195 1909 1262 1958 τῆς
1281 1910 1505 1958 Σαλαμῖνος
1524 1907 1590 1956 τῆς
1608 1910 1724 1958 λεγο-

283 1974 401 2026 μένης
418 1976 618 2027 Τροπαίας
638 1976 766 2028 ἄκρας,
789 1975 840 2018 ὣς
858 1976 1069 2026 Τιμόξενος
1099 1976 1143 2016 ἐν
1165 1975 1217 2030 τῷ
1246 1974 1335 2026 περὶ
1356 1976 1514 2024 Λιμνῶν
1537 1971 1724 2025 (λιμένων

286 2041 506 2093 Stanleius)
531 2042 645 2095 φησί.
705 2041 964 2096 Legendum,
986 2042 1158 2091 πλησίον
1178 2044 1243 2092 τῆς
1261 2039 1476 2093 λεγομένης
1494 2043 1540 2080 Τ.
1564 2040 1601 2080 ἆ.
1637 2039 1726 2079 He-

285 2108 399 2164 sych.
420 2108 609 2158 Σιλήνιαι.
636 2110 702 2158 τῆς
722 2111 957 2159 Σαλαμῖνος.
985 2108 1155 2158 πλησίον
1181 2110 1248 2148 τοῦ
1277 2106 1495 2159 λεγομένου
1514 2105 1723 2158 Τροπαίου.

286 2174 380 2216 Vid.
404 2173 478 2215 inf.
497 2187 595 2228 570.
627 2174 854 2215 BLOMF.
916 2173 1184 2214 Scribendum
1205 2177 1398 2225 Σιληνιῶν
1417 2187 1467 2213 ex
1491 2173 1555 2213 M.

341 2252 439 2296 304.
462 2241 685 2295 χιλίαρχος]
711 2239 918 2294 χιλιάρχης
938 2240 1079 2281 Guelf.

344 2307 538 2362 Δαδάκης]
561 2307 764 2360 Δαρδάκης
783 2307 869 2349 duo
887 2306 1006 2348 codd.

341 2375 488 2430 πληγῇ]
509 2375 674 2428 πληγεὶς
693 2375 779 2416 duo
797 2375 919 2416 codd.

343 2452 440 2497 305.
462 2441 659 2496 ἀφήλατο]
680 2441 888 2494 ἀφήλλατο
911 2440 1005 2495 (sic)
1027 2441 1113 2483 duo
1132 2441 1251 2482 codd.
1270 2447 1313 2483 et
1333 2440 1434 2482 Ald.

344 2510 441 2564 306.
462 2507 667 2562 Τενάγων]
689 2507 860 2560 τενέγων
881 2507 990 2549 Rob.
1022 2507 1202 2560 τανάγων
1222 2508 1391 2548 Barocc.
1413 2506 1515 2547 Ald.

344 2574 518 2628 ἄριστος]
551 2573 822 2615 Scribendum
844 2575 1035 2627 ἇριστεύς.
1082 2574 1187 2614 Vide
1207 2573 1379 2615 Por-soni
1407 2582 1545 2614 notam
1565 2572 1617 2613 ad
1639 2573 1727 2613 Eu-

286 2641 362 2697 rip.
386 2640 506 2682 Med.
526 2650 568 2695 5.
599 2639 820 2681 Helladius
839 2655 906 2697 ap.
927 2639 1126 2681 Photium
1146 2655 1188 2696 p.
1209 2650 1331 2695 1590.
1353 2640 1398 2680 τὸ
1419 2640 1574 2692 ἄριστος
1593 2639 1727 2690 κυρίως

284 2709 358 2759 μὲν
378 2708 442 2749 ἐπὶ
460 2711 537 2748 τῶν
558 2709 655 2748 κατὰ
673 2708 849 2759 πόλεμον
868 2707 1172 2758 εὐδοκιμούντων
1193 2706 1242 2747 ἂν
1258 2707 1402 2759 ῥηθείη·
1433 2706 1529 2747 διότι
1558 2705 1620 2745 καὶ
1646 2705 1727 2756 ἀρι-

286 2774 404 2817 στέας
432 2774 588 2817 τούτους
617 2776 822 2825 καλοῦμεν.
873 2774 1004 2814 Porro
1033 2774 1191 2826 ἄριστος
1225 2773 1422 2826 Βακτρίων
1452 2771 1631 2824 ἰθαγενὴς
1658 2769 1727 2810 vix

287 2839 483 2881 Graecum
513 2855 656 2881 sonare
683 2839 871 2881 arbitror.
931 2840 985 2880 In
1014 2839 1095 2880 fine
1122 2854 1263 2881 versus
1299 2838 1492 2892 ἰθαιγενὴς
1521 2838 1586 2879 Μ.
1613 2837 1723 2878 Rob.

284 2906 516 2948 BLOMF.
575 2907 705 2948 Recte
725 2905 895 2962 corrigit
917 2904 1197 2948 Blomfieldus.

1886 3063 1888 3065 ’
1889 2725 1898 3009 “.“ψ-ι-;“-.Α
1893 2637 1898 2707 πῄ...»
1896 2618 1898 2622 .
1896 2539 1898 2548 ,.
1895 2468 1898 2494 ...Δ
1894 2410 1898 2456 ᾖ-..
1895 2375 1898 2394 Δ.
1896 2327 1898 2329 .
