1898 3256
340 219 427 261 270
821 222 1314 264 ANNOTATIONES

397 339 497 382 405.
519 329 637 380 θήκας
656 346 699 371 τε
716 332 939 386 προγόνων]
972 331 1262 387 Sepulcrorum
1282 339 1544 386 paternorum
1565 331 1716 373 mentio
1736 331 1777 373 in

341 393 579 450 hujusmodi
601 395 899 439 hortationibus
929 397 1102 439 solennis
1130 398 1222 438 fuit.
1284 397 1448 453 Scythae
1477 397 1583 438 inter
1604 398 1681 439 alia
1702 399 1778 440 hoc

341 460 462 501 etiam
491 461 620 502 Dario
648 464 960 519 respondebant,
983 464 1185 505 Herodot.
1205 476 1248 515 4,
1275 473 1364 517 127.
1392 466 1426 505 εἰ
1449 465 1491 505 δὲ
1519 464 1599 505 δέοι
1624 465 1777 509 πάντως

342 528 381 569 ἐς
410 530 522 568 τοῦτο
548 530 645 569 κατὰ
673 529 792 583 τάχος
818 530 1082 578 ἀπικνέεσθαι,
1116 531 1354 584 τυγχάνουσι
1381 531 1472 582 ἡμῖν
1502 531 1633 573 ε’όντες
1660 531 1777 583 τάφοι

340 594 538 645 πατρώϊοι·
571 594 724 647 φέρετε,
755 597 910 639 τούτους
939 598 1179 649 ἀνευρόντες,
1201 596 1387 650 συγχέειν
1414 599 1600 648 πειρᾶσθε
1629 597 1777 639 αὐτούς·

342 659 404 699 καὶ
424 660 630 711 γνώσεσθε
649 662 748 709 τότε,
772 664 849 703 εἴτε
867 664 958 713 ὑμῖν
974 665 1233 716 μαχησόμεθα
1251 663 1338 716 περὶ
1357 667 1434 703 τῶν
1448 666 1595 715 ταφῶν,
1618 665 1695 703 εἴτε
1715 663 1777 703 καὶ

338 724 392 775 μὴ
409 724 679 778 μαχησόμεθα.
729 727 940 768 Charisius
968 730 1081 784 apud
1111 729 1244 770 Rutil.
1267 731 1378 784 Lup.
1406 744 1445 784 p.
1466 729 1532 782 98.
1557 729 1777 769 Obsecrare

336 804 417 845 pro
447 793 580 832 sacris
613 806 662 832 ac
693 793 874 834 delubris
908 795 1075 835 deorum
1104 796 1413 844 immortalium,
1441 809 1523 850 pro
1554 800 1777 850 parentum

340 859 628 907 monumentis,
644 873 723 914 pro
744 860 856 900 vobis
876 861 982 916 ipsis
1001 867 1039 902 et
1057 861 1189 901 salute
1204 867 1355 902 vestra.
1408 861 1572 902 Sallust.
1595 862 1643 902 B.
1666 863 1714 902 C.
1737 862 1775 902 6.

341 937 381 976 p.
410 923 477 965 28.
509 923 631 966 Alius
664 926 793 965 alium
824 926 1001 974 hortari,
1031 926 1213 968 hostibus
1241 928 1400 968 obviam
1431 929 1508 978 ire,
1536 928 1776 978 libertatem,

335 991 537 1044 patriam,
558 997 831 1047 parentesque
850 994 983 1033 armis
1003 998 1151 1049 tegere.
1212 993 1404 1034 Similiter
1432 994 1517 1035 fere
1542 994 1680 1035 Nicias
1707 1010 1772 1050 ap.

342 1055 538 1112 Thucyd.
563 1068 603 1110 7,
625 1059 692 1111 69.
713 1058 870 1099 sistitur
894 1060 1000 1100 ἄλλα
1028 1076 1071 1100 τε
1099 1059 1242 1112 λέγων,
1263 1061 1340 1100 ὅσα
1371 1061 1414 1100 ἐν
1442 1062 1495 1115 τῷ
1522 1062 1677 1116 τοιούτῳ
1706 1060 1775 1112 ἤδη

340 1125 408 1163 τοΰ
434 1128 565 1176 καιροῦ
597 1125 708 1167 ὄντες
736 1125 943 1178 ἄνθρωποι,
977 1127 1023 1167 οὐ
1047 1126 1143 1179 πρὸς
1167 1126 1212 1166 τὸ
1239 1130 1368 1167 δοκεῖν
1393 1127 1467 1168 τινὶ
1498 1129 1774 1181 ἀρχαιολογεῖν

340 1189 620 1241 φυλαξάμενοι,
653 1193 799 1232 εἴποιεν
830 1191 891 1239 ἂν,
927 1194 990 1233 καὶ
1022 1194 1119 1245 ὑπὲρ
1154 1192 1336 1234 ἁπάντων
1362 1194 1625 1246 παραπλήσια,
1662 1195 1701 1238 ἔς
1733 1211 1776 1236 τε

340 1260 525 1308 γυναῖκας
544 1257 606 1298 καὶ
624 1261 764 1301 παῖδας
784 1259 846 1299 καὶ
866 1259 978 1302 θεοὺς
1003 1258 1201 1314 πατρῴους
1229 1260 1514 1313 προφερόμενα,
1537 1261 1625 1302 ἀλλ’
1648 1262 1711 1303 ἐπὶ
1729 1264 1775 1318 τῇ

339 1323 517 1374 παρούσῃ
540 1323 719 1374 ἐκπλήξει
739 1324 920 1377 ὠφέλιμα
940 1326 1158 1377 νομίζοντες
1178 1327 1423 1378 ἐπιβοῶνται.
1461 1329 1632 1368 Homer.
1655 1327 1775 1369 Iliad.

341 1391 390 1429 O.
421 1390 518 1443 663.
545 1390 601 1431 ἔτι
625 1391 667 1431 δὲ
689 1390 894 1442 μνήσασθε
924 1392 1088 1435 ἕκαστος
1117 1393 1277 1433 Παίδων
1308 1392 1364 1443 ἠδ’
1393 1392 1566 1447 ἀλόχων,
1599 1395 1662 1435 καὶ
1691 1394 1775 1445 κτή-

320 1458 438 1502 ’σιος,
469 1456 537 1506 ἠδὲ
570 1456 730 1508 τοκήων.
779 1457 923 1513 Virgil.
956 1459 1056 1499 AEn.
1088 1472 1150 1508 10,
1186 1460 1279 1500 280.
1312 1460 1440 1500 Nunc
1472 1461 1662 1517 conjugis
1694 1467 1777 1502 esto

343 1523 524 1578 Quisque
542 1537 634 1563 suce
649 1524 818 1579 tectique
838 1538 1002 1565 memor.
1032 1525 1260 1566 BLOMF.

395 1589 492 1639 408.
525 1587 687 1643 στόλον]
714 1591 905 1640 Proram,
927 1597 1122 1632 rostrum.
1162 1590 1403 1645 Respondet
1422 1591 1507 1632 fere
1525 1591 1591 1633 isti
1611 1593 1775 1634 navium

340 1663 569 1696 nostrarum
604 1656 711 1712 parti
744 1657 922 1713 Anglice
961 1657 1094 1707 dictae,
1129 1657 1194 1698 the
1229 1658 1474 1708 Cat-water,
1511 1674 1606 1714 quae
1643 1674 1776 1715 prorae

340 1722 556 1778 prominet.
606 1723 789 1780 Hesyoh.
823 1725 1093 1768 Στόλος-καὶ
1130 1726 1151 1764 ὁ
1183 1727 1247 1775 τῆς
1279 1725 1373 1767 νεὼς
1403 1725 1575 1777 ἔμβολος
1603 1727 1775 1778 λέγεται,

340 1789 384 1829 τὸ
405 1791 460 1833 εἷς
488 1790 555 1841 ὀξὺ
575 1790 930 1843 συνεστραμμένον.
985 1792 1111 1846 Lege,
1134 1792 1197 1831 διὰ
1223 1790 1267 1831 τὸ
1293 1792 1346 1833 εἷς
1371 1791 1440 1842 ὀξὺ
1458 1792 1777 1844 συνεσταλμένον

341 1854 451 1897 εἶναι.
503 1856 639 1897 Schol.
659 1857 712 1898 ad
733 1857 775 1898 h.
798 1873 835 1897 v.
854 1858 1003 1900 Στόλος
1023 1859 1067 1898 δὲ
1084 1857 1243 1910 λέγεται
1262 1857 1306 1898 τὸ
1327 1857 1513 1908 ἔμβολον,
1533 1860 1638 1911 παρὰ
1657 1858 1700 1899 τὸ
1723 1860 1776 1901 εἰς

340 1921 408 1972 ὀξὺ
427 1922 703 1964 συνεστάλθαι.
746 1923 883 1964 Schol.
914 1923 1108 1980 Apollon.
1136 1923 1272 1964 Rhod.
1299 1937 1335 1973 1,
1359 1924 1480 1978 1089.
1509 1923 1778 1967 Ἀπολλώνιος

341 1988 386 2028 ἐν
415 1992 499 2031 ταῖς
527 1989 688 2040 λέξεσιν
722 1990 966 2031 ἀποδέδωκεν
998 1991 1208 2044 ἄφλαστον
1238 1990 1282 2031 τὸ
1315 1991 1584 2043 ἀκροστόλιον·
1618 1991 1685 2031 οὐκ
1719 1991 1774 2032 εὖ·

341 2054 474 2105 ἐπειδὴ
506 2055 551 2096 τὸ
585 2057 842 2108 ἀκροστόλιον
875 2057 939 2098 ε’πὶ
977 2060 1044 2098 τοῦ
1083 2058 1243 2098 στόλου.
1287 2057 1430 2099 στόλος
1463 2058 1505 2097 δὲ
1535 2055 1694 2109 λέγεται
1733 2056 1775 2096 τὸ

341 2120 480 2174 ἐξέχον
500 2121 576 2162 ἀπὸ
595 2125 662 2172 τῆς
689 2123 835 2175 πτύχης
855 2123 917 2163 καὶ
942 2126 1073 2174 διῆκον
1093 2124 1184 2176 ἄχρι
1211 2125 1278 2174 τῆς
1305 2124 1459 2174 πρώρας
1478 2123 1609 2172 ξύλον.
1650 2124 1775 2176 πτύχη

340 2188 382 2227 δὲ
402 2187 562 2240 λέγεται
591 2188 688 2229 ὅπου
708 2188 751 2228 τὸ
776 2192 843 2239 τῆς
872 2190 967 2231 νεὼς
994 2188 1250 2242 ἐπιγράφεται
1275 2189 1412 2239 ὄνομα.
1462 2189 1544 2228 Per
1565 2188 1776 2244 Apollonii

340 2253 477 2304 Λέξεις
495 2253 677 2310 intellige
696 2254 833 2305 Λέξεις
851 2254 1074 2308 Ὁμηρικός,
1095 2255 1207 2310 quod
1229 2264 1289 2296 est
1309 2269 1448 2296 verum
1475 2269 1622 2296 nomen
1643 2255 1775 2312 Apol-

338 2319 437 2361 lonii
466 2320 611 2361 Lexioi
642 2321 868 2371 Homerici,
890 2321 961 2362 ubi
990 2331 1122 2363 exstat
1152 2321 1264 2362 locus
1283 2336 1407 2377 quem
1437 2330 1592 2377 spectat
1614 2322 1777 2364 criticus

338 2387 540 2438 eruditus,
561 2403 603 2444 p.
631 2389 724 2443 183.
745 2388 811 2430 ed.
833 2389 944 2430 Toll.
994 2388 1123 2430 Plura
1147 2390 1197 2430 de
1217 2390 1347 2444 στόλῳ
1377 2388 1514 2429 videas
1542 2389 1652 2444 apud
1686 2389 1775 2430 Sal-

339 2468 436 2495 mas.
460 2454 635 2496 Plinian.
657 2456 810 2497 Exere.
829 2471 872 2512 p.
891 2469 990 2511 403.
1011 2457 1068 2498 D.
1120 2455 1233 2496 Hinc
1255 2457 1553 2499 ποικιλόστολος
1581 2459 1674 2499 ναῦς
1705 2458 1777 2498 So-

339 2520 472 2576 phocl.
496 2521 604 2562 Phil.
627 2535 724 2577 343.
744 2524 882 2574 navis,
901 2524 1021 2578 cujus
1042 2529 1222 2565 rostrum
1241 2524 1376 2564 variis
1401 2523 1601 2564 coloribus
1625 2523 1777 2564 illitum

339 2594 411 2629 est.
444 2589 674 2629 BLOMF.

394 2668 442 2707 4¹
456 2668 494 2695 1.
525 2655 719 2711 κόρυμβα]
751 2656 897 2696 Proroe
923 2657 1230 2697 eoetremitatem.
1281 2655 1470 2711 Anglioe,
1497 2655 1562 2696 the
1590 2656 1776 2711 Figure·

338 2721 453 2762 head.
498 2721 682 2777 Hesych.
706 2723 906 2775 Κόρυμβα.
937 2722 999 2764 ὑπ’
1022 2723 1136 2763 ἐνίων
1165 2724 1213 2763 τὰ
1237 2722 1437 2774 ἄφλαστα,
1460 2723 1508 2762 τὰ
1528 2722 1775 2773 ἀκροστόλια.

341 2789 512 2829 Homer.
536 2787 654 2829 Iliad.
678 2793 709 2829 I.
733 2801 827 2841 241.
850 2792 1012 2831 Στεῦται
1039 2791 1116 2842 γὰρ
1145 2792 1247 2840 νῆων
1269 2789 1489 2842 ἀποκόψειν
1514 2789 1612 2841 ἄκρα
1641 2790 1777 2841 κόρυμ-

337 2860 407 2906 βα.
438 2854 510 2896 ubi
531 2854 654 2896 schol.
675 2858 723 2896 τὰ
743 2854 990 2908 ἀκροστόλια.
1035 2855 1221 2912 Etymol.
1243 2856 1306 2895 Μ.
1337 2869 1377 2910 p.
1403 2865 1496 2908 177.
1519 2854 1624 2896 inter
1644 2856 1775 2908 ἄφλα-

340 2939 415 2962 στα
434 2930 474 2962 et
494 2920 671 2974 κόρυμβα
689 2921 917 2978 distinguit.
955 2922 1185 2976 Ἀφλαστα,
1207 2924 1254 2964 τὰ
1273 2921 1511 2974 ἀκροστόλια
1536 2924 1602 2972 τῆς
1631 2921 1778 2973 νηὸς-
