1898 3256
326 217 382 259 36
793 218 1288 260 ANNOTATIONES

327 327 425 380 675,
455 339 522 379 49.
555 328 705 380 ἐπηύρω
734 329 798 368 Μ.
844 329 974 369 Recte
995 328 1226 370 ,Elmsleius
1256 329 1298 368 in
1330 341 1500 368 censura
1527 326 1592 367 ed.
1619 327 1761 367 Blom·

328 393 438 434 fieldi
459 398 488 418 ‘⁶
509 394 612 434 Vera
633 394 846 450 scriptura,
869 395 907 435 ni
927 394 1061 444 fallor,
1082 404 1143 435 est
1163 395 1338 446 ἐπηύρου.
1371 392 1517 449 Eurip.
1541 394 1646 433 Hec.
1664 394 1762 446 476.

327 459 411 501 Τίν’
434 461 560 501 αἰτίαν
580 462 704 514 σχὼν,
725 461 770 512 ἧς
799 462 1015 512 ἐπηυρόμην
1036 461 1141 513 ἐγώ..
1178 460 1296 500 Idem
1328 474 1445 500 sensu
1476 473 1557 498 non
1582 457 1766 498 dissimili

330 526 425 581 Iph.
458 527 587 566 Taur.
619 536 716 580 529.
750 527 853 578 Πρὶν
882 529 958 578 γὰρ
990 530 1124 567 θανεῖν
1152 543 1212 573 σε,
1248 527 1348 566 τοῦδ’
1378 524 1616 577 ἐπαυρέσθαι
1645 523 1761 565 θέλω.

331 592 521 633 Incertus
549 592 661 648 apud
692 593 847 633 Athen.
880 608 921 648 p.
943 595 1027 648 336
1049 594 1099 632 B.
1131 596 1280 644 Μικροῢ
1301 593 1342 632 δὲ
1361 593 1497 643 βιότου
1524 589 1627 640 ζῶντ’
1651 592 1766 631 ἐπαυ-

329 658 468 710 ρέσθαι
497 660 636 711 χρεών.
667 658 918 708 Andocides,
939 675 980 714 p.
1003 672 1024 711 7
1029 669 1071 713 5.
1100 658 1165 699 ed.
1189 658 1330 699 Reisk.
1360 674 1385 699 a
1416 657 1595 699 Stanleio
1613 656 1763 711 allega-

330 735 419 765 tus:
453 727 538 765 Εἵτι
557 726 654 775 ὑμᾶς
679 726 753 777 χρὴ
774 725 924 777 ἀγαθὸν
945 727 1037 776 ἐμοῦ
1058 725 1307 777 ἐπαυρέσθαι.
1357 724 1472 765 Male
1490 722 1603 778 apud
1626 724 1764 777 Hesy-

329 789 466 830 chium
487 789 636 844 legitur
657 791 909 842 ἐπαύρασθαι,
932 791 1001 831 sed
1022 790 1288 845 grammatici,
1309 790 1468 846 opinor,
1489 788 1626 845 potius
1641 803 1766 843 quam

328 855 483 897 librarii
504 855 612 896 vitio.
672 857 802 896 Recte
832 858 1055 897 ἀπολαῦσαι
1083 857 1388 912 interpretatur,
1412 856 1481 896 sed
1510 865 1651 911 postea
1678 869 1765 895 me-

329 922 438 963 diam
454 922 626 962 formam
649 922 798 977 saepius
817 922 1033 963 confundit
1052 938 1146 963 cum
1166 922 1299 963 activa
1323 925 1516 974 ἐπαυρεῖν,
1536 936 1631 976 quae
1650 919 1766 962 Atti-

329 989 386 1029 cis
405 1004 486 1029 non
507 988 698 1029 videtur
689 1003 730 1028 1n
752 1003 829 1029 usu
851 988 987 1029 fuisse.
1034 990 1220 1029 Praesens
1239 997 1300 1029 est
1321 990 1612 1078 ἐπαυρίσκομαι,
1633 1002 1767 1043 neque

328 1056 465 1111 ipsum
485 1055 525 1096 in
550 1055 785 1096 Atticorum
806 1054 965 1110 scriptis
983 1054 1105 1095 hodie
1123 1054 1327 1095 obvium?

385 1134 457 1176 34.
490 1120 673 1175 φθέγξει]
705 1120 857 1176 φθέγξη
877 1121 984 1162 libri.
1035 1122 1187 1161 Forma
1207 1120 1348 1161 Attica
1368 1120 1432 1161 hic
1452 1129 1492 1161 et
1511 1119 1605 1160 alibi
1622 1134 1647 1160 a
1666 1121 1767 1161 Por-

330 1202 429 1228 sono
448 1187 647 1228 restituta.

387 1265 454 1310 35.
477 1255 586 1307 νέον]
619 1253 968 1294 Immemorabiles
986 1267 1212 1309 paucorum
1236 1252 1431 1294 librorum
1453 1252 1643 1293 lectiones
1663 1252 1765 1299 νέου,

332 1321 432 1369 νέος,
455 1321 564 1364 νέως.
596 1322 645 1361 V.
666 1322 761 1375 389.
784 1323 835 1375 τῷ
858 1319 948 1360 νέον
969 1324 1147 1361 θακοῦντι
1165 1323 1400 1372 παγκρατεῖς
1419 1320 1542 1371 ἕδρας.

387 1389 455 1442 36.
477 1387 718 1440 κατοικτίζει]
746 1388 956 1442 κατοικτίζῃ
976 1386 1083 1436 libri,
1105 1385 1181 1426 nisi
1201 1385 1314 1440 quod
1333 1385 1425 1426 cod.
1449 1385 1563 1440 Lips.
1586 1386 1769 1426 κατοικτί-

332 1455 419 1503 ζεις,
440 1453 553 1509 quod
573 1453 723 1508 legitur
743 1454 921 1494 Eumen.
947 1466 1040 1493 121.

387 1534 454 1575 39.
486 1520 689 1576 ξυγγενές]
716 1519 979 1560 Scribebatur
999 1519 1200 1571 συγγενές.
1250 1519 1433 1559 Atticam
1464 1520 1653 1568 formam,
1675 1518 1767 1559 ubi-

330 1603 493 1643 cunque
507 1588 548 1628 in
570 1587 748 1637 senariis,
769 1587 995 1635 trochaicis,
1016 1595 1057 1626 et
1075 1586 1327 1642 anapaesticis
1350 1601 1424 1641 per
1443 1595 1620 1626 metrum
1639 1584 1769 1634 licuit,

331 1654 603 1710 reponendam
620 1653 828 1708 judicavi;
860 1653 902 1692 in
923 1652 1072 1692 melicis
1093 1652 1206 1692 haud
1225 1652 1332 1692 idem
1352 1652 1548 1693 facturus.
1594 1652 1646 1691 In
1668 1651 1768 1691 tiro-

330 1735 430 1761 num
451 1719 623 1774 gratiam
647 1719 780 1760 Photii
799 1719 953 1774 glossas
972 1718 1212 1769 exscribam,
1229 1719 1432 1770 Ξύμβαθιε
1456 1719 1644 1768 σύμβαθι.
1667 1718 1770 1759 ὅλως

332 1788 373 1827 δὲ
404 1788 424 1826 ὁ
452 1788 515 1827 διὰ
541 1790 608 1826 τοῦ
637 1790 658 1835 ξ
688 1785 958 1838 σχηματισμὸς
988 1786 1114 1827 κοινός
1145 1786 1228 1825 ἐστι
1257 1788 1334 1825 τῶν
1363 1801 1405 1824 τε
1430 1783 1575 1824 Ἰώνων
1597 1783 1659 1823 καὶ
1692 1787 1770 1823 τῶν

330 1853 528 1894 Ἀττικῶν.
562 1853 667 1895 Ξύν;
702 1853 938 1902 Θουκυδίδης
963 1852 1048 1892 ἀντὶ
1081 1855 1149 1891 τοῦ
1180 1851 1268 1891 σύν·
1302 1851 1364 1891 καὶ
1396 1852 1445 1891 τὰ
1478 1851 1585 1891 ἄλλα
1617 1850 1768 1900 ὁμοίως·

331 1921 428 1960 οὕτω
465 1919 526 1958 καὶ
556 1920 593 1958 οἳ
627 1918 789 1958 παλαιοὶ
821 1917 975 1960 πάντες.
1008 1918 1236 1957 BLOMF.
1297 1916 1362 1957 Sic
1400 1916 1522 1957 etiam
1562 1917 1770 1956 Porsonus

325 1984 596 2040 judicaverat,
630 1991 740 2023 recte
768 1982 835 2023 ille
871 1982 1046 2023 sentiens
1084 1982 1234 2023 diserta
1267 1982 1624 2036 grammaticorum
1656 1982 1768 2022 testi-

332 2050 468 2091 monia
496 2049 887 2104 inscriptionumque
918 2048 1152 2088 Atticarum
1183 2058 1366 2088 veterum
1393 2048 1582 2103 exempla
1609 2047 1771 2103 majoris

331 2132 416 2157 esse
445 2115 630 2156 facienda
659 2128 783 2170 quam
814 2113 981 2154 dubiam
1010 2113 1196 2153 codicum
1225 2113 1521 2154 auctoritatem.
1580 2114 1771 2169 Antiqua

333 2183 534 2238 scriptura
554 2181 696 2221 Attica
716 2195 765 2220 ex
782 2179 1111 2234 inscriptionibus
1130 2179 1293 2234 cognita
1311 2183 1456 2219 ΧΣΤΝ
1477 2179 1571 2228 fuit,
1591 2194 1667 2234 pro
1686 2195 1770 2235 quo

331 2249 483 2290 librarii
502 2246 679 2289 centenis
698 2246 739 2286 in
760 2245 856 2286 locis
876 2247 950 2286 σύν
970 2255 1194 2300 posuerunt
1214 2260 1343 2301 quum
1365 2247 1433 2295 ξύν
1452 2245 1658 2286 deberent.

391 2315 434 2355 τὸ
464 2313 648 2367 ξυγγενές
676 2329 735 2353 τοι
765 2311 912 2367 δεινὸν]
940 2311 998 2352 Τὸ
1031 2313 1217 2363 ξυγγενὲς
1242 2314 1317 2364 γὰρ
1347 2313 1474 2352 δεινόν
1500 2311 1647 2367 Eurip.
1675 2313 1768 2352 An-

334 2382 464 2423 drom.
488 2382 581 2435 985.
605 2378 799 2435 Apollon.
823 2379 962 2434 Tyan.
979 2379 1061 2432 Ep.
1078 2390 1146 2430 44.
1167 2393 1192 2417 a
1212 2378 1479 2418 Boissonadio
1497 2389 1768 2434 comparatu8‚

335 2448 425 2490 ἀλλ’
449 2447 533 2488 ἐστὶ
557 2446 633 2499 γάρ
662 2462 742 2487 πως
770 2444 813 2484 τὸ
834 2445 1023 2497 συγγενὲς
1044 2445 1362 2496 ἀκατασόφιστον
1381 2445 1444 2485 καὶ
1466 2447 1545 2485 πᾶν
1564 2446 1768 2496 ἀνακλητι-

335 2515 405 2556 κὸν
426 2516 540 2555 αὑτοῦ
560 2513 604 2553 τὸ
624 2514 778 2553 οἰκεῖον.

390 2595 459 2633 40.
481 2578 667 2635 ξύμφημἼ
692 2577 810 2619 Libri
830 2575 1017 2628 σύμφημ’.

389 2660 458 2698 41.
481 2647 532 2686 In
553 2644 666 2685 libris
686 2642 891 2684 nonnullis
911 2642 1186 2697 interrogandi
1208 2642 1368 2697 signum
1389 2650 1481 2698 post
1501 2644 1586 2683 οἷόν
1604 2660 1647 2683 τε
1666 2643 1772 2698 posi-

335 2721 438 2762 tum,
459 2717 538 2754 πῶς
557 2711 608 2751 ad
630 2709 841 2765 sequentia
859 2707 1000 2750 relato.

389 2792 457 2831 42.
489 2780 553 2820 ἀεί
570 2777 819 2819 Brunckius.
862 2776 937 2816 αἰεὶ
964 2774 1068 2816 libri.
1129 2776 1281 2815 Forma
1301 2775 1444 2816 Attica
1469 2775 1587 2816 toties
1615 2784 1770 2815 servata

332 2846 385 2886 ab
413 2844 526 2886 libris
553 2844 717 2899 optimis
741 2852 955 2899 poetarum
975 2842 1225 2890 Atticorum,
1259 2850 1303 2881 ut
1329 2841 1508 2882 dubitari
1538 2856 1617 2882 non
1642 2840 1768 2896 possit

334 2911 432 2966 quin
455 2910 608 2965 ubique
638 2910 687 2949 sit
713 2908 975 2949 restituenda.
1036 2907 1176 2948 Multa
1194 2907 1246 2948 de
1267 2907 1341 2948 hac
1361 2907 1584 2962 quaestione
1607 2906 1769 2961 collegit
