1898 3256
323 220 407 260 214
797 224 1284 264 ANNOTATIONES

323 333 410 382 ῑμᾶς
438 335 620 374 τοιοῦτος.
638 333 830 373 Eustath.
861 333 912 374 ad
944 334 1089 389 Odyss.
1122 339 1171 374 N.
1203 349 1243 390 p.
1280 335 1402 387 1746,
1428 348 1496 386 42.
1527 350 1610 390 quo
1638 351 1753 377 sensu

320 398 495 438 occurrit
517 397 664 453 OdySS.
682 403 734 448 N,
751 400 851 453 438.
875 401 1077 441 Herodot.
1093 414 1137 453 4,
1155 402 1221 441 60.
1244 402 1388 456 Suppl.
1405 414 1503 456 453.
1518 400 1629 455 Ἔχω
1645 404 1756 455 στρό-

320 469 419 515 φους
446 466 566 512 ζώνας
594 481 651 515 τε,
676 467 883 516 συλλαβὰς
911 466 1083 507 πέπλων.
1145 467 1212 507 Ita
1243 476 1348 507 recte
1379 467 1651 522 Spanbemius
1681 484 1755 523 pro

320 532 523 582 στρόβους.
584 532 712 572 Zonae
734 531 960 586 significatu
981 532 1237 587 frequentius
1256 543 1316 574 est
1337 535 1540 586 στρόφιον.
1572 535 1596 585 ἡ
1617 552 1755 587 στρογ-

319 597 418 648 γύλη
447 597 557 648 ζώνη.
593 597 774 653 Hesyoh.
838 599 1063 654 Cingillus.
1089 598 1223 639 Gloss.
1246 600 1354 640 vett.
1401 599 1552 640 Catull.
1584 602 1652 651 61,
1684 603 1752 655 65.

318 663 419 703 Non
447 665 563 704 tereti
591 664 773 719 Strophio
796 665 995 705 luctantes
1026 666 1165 706 vineta
1188 666 1384 721 papillas.
1431 665 1520 707 Vid.
1544 667 1682 722 Toup.
1711 667 1750 707 in

321 729 436 770 Suid.
460 741 497 770 2.
517 745 557 785 p.
581 743 673 780 204.
735 730 938 785 Intellige,
959 737 1151 787 quotquot
1169 738 1267 772 sunt
1287 733 1490 788 virgines.
1523 733 1750 775 BLOMF.

376 797 470 849 872.
492 797 631 850 κλαίω]
658 797 762 836 κλάω
785 798 993 838 Porsonus
1014 806 1134 838 recte.

376 862 470 917 873.
502 863 544 902 ἐκ
573 862 732 915 φρενός]
754 863 829 902 Ea,n
848 864 1000 903 animo.
1031 863 1235 904 Abreseh.
1256 864 1412 905 confert
1433 880 1472 904 v.
1493 878 1588 919 914.
1611 866 1754 916 ἐτύμως

316 927 539 981 δακρυχέων
559 930 601 968 ἐκ
628 927 781 980 φρενός.
814 928 1000 984 Choeph.
1022 942 1112 980 104.
1142 929 1243 980 λέξω
1273 930 1341 971 τὸν
1371 932 1413 971 ἐκ
1443 931 1586 983 φρενὸς
1614 930 1752 984 λόγον.

317 995 469 1049 Agam.
490 1007 611 1048 1493.
642 995 792 1047 Φρενὸς
822 996 864 1035 ἐκ
898 997 1031 1048 φιλίας
1066 997 1105 1036 τί
1134 994 1217 1036 ποτ’
1251 998 1368 1043 εἵπω;
1404 996 1529 1037 Adde
1561 997 1752 1053 Sophocl.

317 1060 422 1101 OEd.
447 1062 551 1116 Tyr.
574 1062 670 1115 528.
702 1062 743 1111 ἐξ
772 1063 887 1114 ὀρθῆς
916 1060 1070 1114 φρενός.
1103 1062 1242 1102 Nostr.
1263 1061 1413 1117 Agam.
1433 1063 1504 1114 48.
1537 1063 1679 1116 Μέγαν
1709 1065 1752 1104 ἐκ

316 1130 437 1179 θυμοῦ
467 1127 670 1176 κλάζοντες
692 1127 830 1180 Ἀρην.
859 1127 960 1169 ibid.
984 1129 1076 1183 798.
1110 1129 1299 1180 εὔφρονος
1329 1130 1371 1169 ἐκ
1400 1131 1583 1173 διανοίας.
1604 1138 1656 1177 et,
1679 1130 1750 1185 qui

315 1193 545 1249 praeiverat,
568 1194 739 1235 Homer.
762 1194 881 1235 Iliad.
904 1199 934 1234 I.
957 1207 1055 1249 343.
1075 1193 1147 1235 Ἐκ
1176 1198 1295 1246 θυμοῦ
1321 1196 1478 1247 φίλεον.
1511 1196 1663 1237 Incert.
1683 1211 1748 1251 ap.

316 1259 442 1301 schol.
465 1259 655 1315 Sophocl.
678 1259 780 1301 OEd.
806 1259 894 1300 Col.
912 1274 928 1300 1
935 1273 986 1314 37
991 1273 1032 1314 5.
1046 1259 1181 1312 Ἔγνω
1195 1259 1405 1312 ’παφήσας,
1425 1260 1509 1301 εἶπέ
1524 1260 1555 1301 τ’
1573 1262 1615 1301 ἐκ
1631 1264 1749 1312 θυμοῦ

315 1325 418 1366 τάδε.
450 1326 656 1367 Theocrit.
680 1338 721 1375 2,
743 1328 810 1367 60.
841 1326 886 1369 ἇς
913 1326 969 1366 ἔτι
995 1326 1056 1367 καὶ
1077 1329 1145 1367 νῦν
1163 1325 1234 1366 Ἐκ
1254 1329 1357 1377 θυμῶ
1377 1325 1543 1377 δέδεμαι.
1567 1326 1636 1367 ubi
1657 1326 1748 1367 vide

315 1391 508 1432 Valcken.
531 1392 597 1432 Id.
621 1393 660 1442 8,
681 1402 748 1447 35.
778 1391 953 1433 Βοσκοΐτ’
974 1394 1017 1433 ἐκ
1045 1396 1177 1446 ψυχᾶς
1205 1395 1273 1435 τὰς
1302 1394 1473 1444 ἆμνίδας.
1506 1392 1624 1433 Bion.
1644 1406 1686 1444 4,
1709 1406 1746 1435 2.

313 1457 385 1498 Ἐκ
411 1461 530 1510 θυμοῦ
557 1460 598 1498 δὲ
628 1462 817 1510 φιλεῦντι.
850 1458 1056 1499 Nicander
1085 1458 1126 1498 in
1143 1458 1317 1499 Anthol.
1340 1470 1380 1507 2,
1400 1470 1470 1511 47,
1493 1471 1530 1500 2.
1552 1460 1685 1500 Αἰνεῖν
1706 1460 1749 1500 ἐκ

314 1526 457 1576 ψυχῆς.
517 1523 622 1564 Vide
640 1533 679 1563 et
700 1523 848 1578 Eurip.
873 1523 968 1578 Iph.
991 1523 1092 1564 Aul.
1111 1534 1231 1578 1075.
1292 1522 1408 1564 Idem
1435 1523 1519 1564 fere
1539 1523 1643 1565 valet
1671 1524 1746 1565 ἀπὸ

313 1591 467 1641 γνώμης
506 1591 684 1630 Eumen.
726 1591 819 1642 671.
864 1590 916 1631 ab
955 1590 1183 1631 Abreschio
1230 1589 1437 1638 collatum,
1477 1605 1599 1645 quem
1641 1590 1746 1631 vide.

316 1656 544 1697 BLOMF.

369 1724 545 1775 λιγαίνω,
568 1723 756 1764 Stridule
774 1737 934 1778 queror.
958 1724 1141 1779 Hesych.
1162 1725 1351 1777 Λιγαίνει.
1383 1724 1525 1777 τέρπει.
1558 1723 1652 1778 ᾅδει,
1673 1741 1745 1776 μα,

312 1793 455 1841 στιγοῖ,
478 1791 662 1842 κηρύττει,
683 1791 820 1837 κλαίει,
846 1789 868 1840 ἢ
896 1790 1012 1840 ὀξέως
1042 1792 1206 1844 ἐφορμᾷ.
1240 1790 1435 1831 Eustath.
1465 1790 1517 1830 ad
1549 1789 1667 1830 Iliad.
1696 1794 1745 1831 Ο.

313 1870 354 1910 p.
375 1869 494 1910 1033,
516 1856 583 1910 38.
604 1857 810 1908 λιγαίνειν,
833 1857 878 1896 οὗ
895 1858 1017 1907 μόνον
1036 1856 1079 1897 τὸ
1099 1858 1302 1909 ῥητορικῶς
1320 1858 1466 1907 ὑμνεῖν,
1490 1857 1594 1896 ἀλλὰ
1619 1857 1680 1897 καὶ
1700 1857 1744 1897 τὸ

311 1922 429 1972 ὀξέως
448 1927 606 1973 φωνεῖν.
630 1922 682 1962 Il.
706 1927 755 1969 N,
780 1923 876 1973 684.
899 1922 1069 1974 Κήρυκες
1095 1924 1124 1963 δ’
1146 1923 1357 1975 ἐλίγαινον.
1388 1923 1501 1962 Pers.
1523 1923 1621 1974 467.
1650 1924 1741 1963 ἀνα-

312 1990 485 2031 κωκύσας
504 1990 606 2041 λιγύ.
630 1989 736 2029 Ibid.
758 2002 780 2042 3
787 2002 811 2042 3
822 2002 854 2029 2.
875 1989 992 2040 λίγεα
1013 1990 1225 2039 κωκύματα.
1258 1988 1487 2028 BLOMF.

369 2054 884 2107 874—879z880—887.
917 2055 1067 2094 Versus
1096 2054 1137 2094 in
1165 2053 1265 2094 Ald.
1296 2053 1350 2094 sic
1379 2053 1495 2093 divisi
1527 2054 1627 2094 ἰὼ-
1652 2052 1659 2108 Ι
1685 2054 1745 2094 καὶ

311 2124 493 2160 κακῶν-
517 2119 523 2170 Ι
551 2122 763 2162 ἑλόντες-
788 2119 793 2175 Ι
818 2120 955 2170 μέλεοι
975 2119 1108 2169 ὃῆθ’-
1136 2119 1142 2174 Ι
1170 2121 1386 2171 εὕραντο-
1409 2118 1417 2174 Ι
1444 2119 1543 2159 ἰὼ-
1569 2119 1576 2173 Ι
1603 2120 1664 2159 καὶ
1683 2136 1743 2159 πι-

310 2186 560 2238 κρᾶς-διήλ·
586 2185 594 2241 Ι
618 2189 800 2238 λαχθε-
825 2186 831 2240 Ι
856 2185 948 2225 ἀλλ’
971 2186 1033 2226 ἐπὶ
1054 2186 1218 2238 φόνῳ-
1243 2188 1250 2239 Ι
1277 2184 1451 2236 κάρτα-
1474 2183 1482 2240 Ι
1507 2185 1706 2225 πότνι’-.

369 2252 462 2305 875.
484 2253 613 2304 φίλων
633 2252 805 2305 ἄπιστοι]
831 2252 986 2291 Amicis
1002 2265 1083 2292 non
1105 2252 1371 2306 obsequentes.
1416 2250 1612 2291 Refertur
1631 2250 1683 2290 ad
1703 2266 1742 2291 v.

310 2319 407 2370 677,
431 2317 501 2357 ubi
521 2317 668 2357 chorus
689 2317 841 2357 frustra
861 2317 1031 2372 rogabat
1052 2316 1276 2365 Eteocle—m,
1298 2326 1344 2356 ut
1365 2316 1439 2356 sibi
1466 2317 1568 2357 bene
1594 2331 1739 2357 consu-

309 2382 406 2423 lenti
430 2383 736 2437 obsequeretur.
769 2387 893 2423 κακῶν
921 2383 1140 2434 ἀτρύμονες,
1166 2384 1236 2438 qui
1258 2384 1386 2422 tantis
1399 2384 1498 2437 jam
1511 2384 1742 2438 praeteritis

309 2449 527 2489 Labdaciae
546 2449 689 2489 domus
711 2449 831 2488 malis
849 2462 891 2488 se
911 2449 1107 2503 necflecti
1126 2462 1197 2488 nec
1216 2448 1377 2488 domari
1394 2450 1512 2502 passi
1531 2455 1641 2496 sunt,
1663 2463 1740 2504 quo

308 2516 447 2556 ‘minus
467 2515 553 2554 alia
571 2528 727 2570 quoque
745 2514 953 2554 adderent.
988 2514 1117 2554 SCH.

364 2583 461 2634 876.
494 2581 645 2621 Versus
673 2595 724 2620 ex
754 2579 931 2620 baccheo
959 2578 1195 2634 duplicique
1224 2580 1541 2634 penthemimere
1569 2580 1742 2621 iambico

306 2647 565 2702 compositus.
609 2645 744 2697 μέλεοι
776 2643 1020 2699 disyllabum
1042 2653 1115 2693 est,
1146 2653 1193 2684 ut
1222 2659 1258 2685 v.
1291 2655 1385 2698 947.
1419 2645 1492 2685 nisi
1524 2646 1740 2701 utrobique

305 2714 419 2764 μέλοι
438 2711 710 2759 scribendum,
733 2719 779 2750 ut
803 2708 901 2760 μέλε
927 2724 1003 2764 pro
1028 2709 1147 2760 μέλεε
1167 2709 1322 2750 dictum
1343 2719 1416 2759 est,
1438 2710 1551 2765 quod
1570 2725 1736 2766 compa·

307 2778 410 2818 ravit
431 2776 718 2818 Blomfieldus:
750 2789 986 2830 quanquam
1007 2775 1194 2825 vocativi,
1208 2775 1248 2815 in
1266 2791 1349 2830 quo
1368 2776 1507 2817 eadem
1530 2777 1737 2832 duplicata

306 2844 421 2885 litera
441 2853 512 2893 est,
535 2842 728 2883 rationem
750 2841 891 2897 paullo
911 2840 1029 2880 aliam
1050 2856 1134 2882 esse
1154 2841 1348 2896 intelligo.

360 2910 453 2963 877.
475 2911 593 2963 ἀλκᾷ]
617 2926 678 2962 γρ.
701 2910 821 2962 αἰχμᾷ
843 2923 984 2962 margo
1005 2909 1068 2948 M.
1129 2909 1186 2948 Et
1207 2908 1263 2948 sic
1282 2907 1437 2963 aliquot
1461 2908 1632 2950 codices.
