1898 3256
339 235 433 277 112
811 231 1303 275 ANNOTATIONES

341 345 467 396 ἄδηλα
485 346 631 398 χρόνον
653 345 714 385 καὶ
732 346 781 384 τὰ
807 343 983 396 φανέντα
1007 343 1227 383 καλύπτειν.
1260 339 1377 379 Idem
1407 352 1450 392 p.
1473 348 1522 390 23
1527 347 1565 391 5.
1595 336 1619 386 ἦ
1649 335 1775 388 σοφὸς

340 411 390 461 ἦν
409 412 468 463 ἄρ’
490 413 647 457 ἐκεῖνος,
668 410 712 452 ὃς
731 413 877 462 πρῶτος
896 411 939 449 ἐν
958 426 996 461 γ.
1019 425 1054 448 τ.
1076 409 1106 448 ἐ.
1130 425 1163 447 κ.
1185 424 1224 458 γ.
1246 409 1279 446 δ.
1310 403 1536 444 BLOMF.

399 476 442 519 ὃς
481 476 693 516 Monkius.
755 475 993 530 Legebatur
1022 474 1071 524 ἦν
1104 472 1157 514 ὃς.
1218 470 1289 511 Ab
1327 469 1468 509 iisdem
1502 467 1579 508 hoc
1613 480 1773 507 carmen

342 542 522 583 numeris
554 541 694 597 incipit
728 541 878 596 quibus
916 539 957 579 in
995 538 1111 579 initio
1148 534 1365 592 superioris
1397 533 1541 574 cantici
1580 547 1677 573 usus
1714 541 1775 572 est

342 619 464 664 poeta
486 625 521 650 v.
542 610 638 663 526.

509 673 646 725 μηδάμ’
668 675 689 713 ὁ
710 672 837 713 πάντα
857 671 983 722 νέμων

513 739 605 781 θεῖτ’
629 741 701 792 ἐμᾷ
726 739 856 791 γνώμᾳ
876 737 1011 789 κράτος
1031 737 1246 776 ἀντίπαλον
1268 734 1379 775 Ζεύς.

402 805 497 845 888.
523 806 567 845 ἐν
591 805 726 859 γνώμᾳ
750 819 832 843 om.
852 803 979 843 codex
1002 804 1036 842 F
1040 801 1273 842 arnesianus
1299 815 1347 840 ex
1375 798 1608 854 conjectura
1628 795 1776 837 Tricli-

345 871 414 920 nii,
437 871 555 925 cujus
574 871 663 911 haec
690 879 751 910 est
774 869 996 917 annotatio,
1017 867 1207 920 περισσὸν
1226 867 1274 917 ἦν
1299 868 1464 906 ἐνταῦθα
1490 865 1534 905 τὸ
1562 866 1605 904 ἐν
1629 863 1775 916 γνώμᾳ·

344 937 402 977 διὸ
433 936 626 987 ἐξεβλήθη
654 934 741 987 παρ’
768 937 872 986 ἐμοῦ.
903 935 1037 986 ὅμοιον
1065 935 1141 985 γὰρ
1169 933 1243 986 χρὴ
1274 932 1374 972 εἶναι
1401 931 1445 972 τὸ
1476 934 1601 971 κῶλον
1629 930 1682 983 τῷ
1711 931 1777 979 τῆς

343 1003 617 1054 ἀντιστρόφου.
679 1001 761 1051 Qui
808 1015 890 1040 non
938 999 1279 1041 animadverterat
1316 1012 1456 1037 versus
1498 994 1776 1050 antistrophici

344 1068 543 1109 lacunam.

401 1135 773 1189 γνώμᾳ-γλώσσᾳ]
794 1134 1148 1187 γνώμῃ-γλώσσῃ
1168 1130 1268 1172 Ald.
1290 1130 1399 1171 Rob.

402 1200 497 1254 890.
519 1203 690 1252 κηδεύειν
710 1200 903 1241 Eustath.
925 1199 976 1240 ad
995 1199 1046 1239 Il.
1069 1202 1123 1248 Θ,
1145 1214 1188 1253 p.
1212 1207 1305 1250 717,
1326 1211 1367 1248 4.
1398 1197 1448 1237 Il.
1471 1201 1505 1246 Ι,
1526 1212 1566 1252 p.
1589 1196 1683 1249 758,
1706 1195 1776 1248 63.

345 1267 405 1307 Οὐ
432 1270 579 1318 πρῶτος
599 1268 797 1320 Αἰσχύλος
826 1266 947 1313 εἶπεν,
970 1266 1021 1308 ὧς
1048 1265 1093 1305 τὸ
1116 1265 1288 1315 κηδεύειν
1314 1262 1395 1304 καθ’
1419 1262 1557 1303 ἑαυτὸν
1586 1262 1778 1314 ἀριστεύει

343 1335 489 1386 μακρῷ,
511 1331 711 1373 τουτέστιν
730 1333 889 1384 ἄριστόν
910 1334 1017 1372 ἐστιν
1038 1331 1186 1385 ἑκάστῳ
1213 1331 1282 1381 τὴν
1302 1332 1401 1384 αὐτῷ
1426 1331 1593 1369 ἐοικυῖαν
1618 1326 1775 1378 λαμβά-

347 1414 441 1444 νειν,
469 1398 530 1438 καὶ
557 1398 609 1448 μὴ
638 1402 714 1438 τῶν
739 1398 994 1449 ὑπερκόμπων
1017 1396 1151 1448 γάμων
1172 1397 1278 1447 ἐρᾶν,
1299 1396 1405 1435 ἀλλὰ
1434 1398 1582 1445 πρῶτος
1604 1390 1779 1444 ’Όμηρος

347 1465 409 1504 καὶ
439 1463 530 1504 αὐτὸ
561 1464 605 1503 ἐν
632 1467 712 1506 τοῖς
741 1466 837 1504 κατὰ
865 1463 933 1503 τὸν
956 1462 1151 1515 Ἀχιλλέα
1177 1461 1337 1511 ἐδίδαξε.
1368 1459 1541 1500 Homeri
1559 1474 1700 1499 versus
1718 1467 1779 1498 est

347 1527 517 1579 Γήμαντι
544 1527 719 1578 μνηστὴν
746 1529 907 1580 ἄλοχον,
935 1530 1105 1567 Ὲεικυῖαν
1132 1527 1289 1566 ἄκοιτιν.
1312 1524 1479 1565 Pindar.
1501 1523 1629 1578 Pyth.
1652 1535 1690 1571 2,
1711 1523 1775 1576 65.

346 1609 372 1634 a
401 1593 524 1634 schol.
554 1593 746 1634 laudatus
762 1609 774 1644 3
803 1593 889 1645 Χρὴ
919 1594 961 1633 δὲ
991 1592 1072 1633 καθ’
1099 1593 1217 1633 αὑτὸν
1236 1592 1311 1632 αἰεὶ
1339 1590 1484 1633 παντὸς
1512 1591 1606 1642 ὁρᾶν
1625 1588 1777 1640 μέτρον.

348 1660 456 1700 εὐναὶ
495 1661 538 1700 δὲ
569 1659 809 1711 παράτροποι
841 1660 880 1701 ἐς
919 1657 1091 1699 κακότατ’
1125 1659 1271 1710 ἀθρόαν
1310 1658 1472 1708 ἔβαλον.
1531 1654 1778 1710 AEschylum

345 1725 542 1781 respicere
572 1725 627 1766 ait
658 1724 871 1765 scholiasta
891 1725 1039 1765 Pittaci
1059 1724 1227 1774 dictum,
1248 1724 1334 1779 qui,
1355 1738 1483 1778 quum
1514 1738 1563 1762 ex
1591 1737 1639 1762 eo
1664 1736 1778 1776 quae-

345 1802 451 1833 reret
471 1791 638 1847 quidam
660 1800 794 1831 utram
814 1791 994 1840 duceret,
1018 1806 1185 1831 uxorem
1206 1791 1308 1831 bene
1333 1790 1529 1840 dotatam,
1549 1804 1599 1829 an
1626 1802 1779 1843 paupe-

347 1873 432 1899 rem
453 1867 493 1898 et
514 1858 588 1898 sibi
608 1872 762 1913 parem,
784 1857 835 1897 ad
857 1872 1005 1913 pueros
1024 1872 1116 1897 eum
1138 1856 1301 1907 dimisit,
1318 1856 1390 1911 qui
1413 1855 1594 1896 turbines
1612 1853 1781 1909 flagellis

347 1925 557 1980 agitabant
586 1933 627 1964 et
655 1923 722 1964 alii
750 1923 838 1963 aliis
866 1923 1069 1973 dicebant,
1099 1924 1170 1974 τὴν
1199 1925 1295 1964 κατὰ
1323 1922 1469 1963 σαυτὸν
1500 1922 1585 1962 ἔλα.
1644 1919 1780 1975 Atqui

348 1991 453 2032 hanc
474 1990 726 2039 sententiam,
748 2005 842 2044 quae
861 2005 886 2029 a
909 1989 1032 2030 schol.
1055 1991 1111 2030 A.
1132 1999 1172 2030 et
1201 2005 1225 2030 a
1246 1988 1495 2030 Callimacho
1522 1987 1564 2027 in
1594 1986 1782 2042 pulcher-

349 2057 451 2098 rimo
471 2057 762 2111 epigrammate
781 2055 892 2110 apud
914 2057 972 2096 D.
996 2057 1133 2096 Laert.
1153 2069 1190 2105 1,
1213 2066 1279 2110 79.
1304 2055 1464 2095 Pittaco
1488 2053 1694 2102 tribuitur,
1713 2052 1781 2093 alii

349 2123 437 2163 aliis
466 2122 695 2177 adsignant.
726 2121 866 2162 Photii
891 2122 995 2162 Lex.
1022 2122 1105 2172 Τὴν
1126 2124 1222 2163 κατὰ
1242 2122 1388 2162 σαυτὸν
1408 2122 1491 2162 ἔλα·
1522 2123 1633 2160 τοῦτο
1653 2122 1690 2160 οἱ
1707 2121 1781 2171 μὲν

349 2189 522 2230 Πυθικὸν
545 2188 649 2229 εἷναί
674 2194 798 2240 φασιν
824 2189 1069 2239 ἀπόφθεγμα·
1101 2189 1138 2228 οἱ
1167 2190 1209 2228 δὲ
1239 2189 1430 2229 Σόλωνος·
1462 2187 1557 2227 ἔνιοι
1585 2187 1628 2226 δὲ
1658 2187 1782 2226 αὐτῶν

350 2257 533 2296 Χείλωνα
562 2256 684 2295 εἰπεῖν
713 2253 1064 2308 συμβουλευομένῳ
1094 2254 1180 2300 τινὶ,
1203 2255 1237 2294 εἶ
1265 2254 1455 2294 πλούσιον
1485 2253 1611 2293 ἕλοιτο
1641 2251 1780 2304 γάμον.

352 2320 500 2362 Suidas
519 2335 595 2376 pro
614 2319 800 2368 Πυθικὸν,
822 2319 1016 2360 Πιττάκου
1037 2319 1199 2366 scribit3
1231 2319 1448 2375 legendum
1470 2329 1666 2374 praeterea
1685 2318 1781 2358 ἔνιοι

351 2389 394 2428 δὲ
423 2387 527 2427 αὐτό.
588 2385 858 2426 Proverbium
888 2385 972 2425 sine
1000 2385 1163 2426 nomine
1187 2385 1284 2426 citat
1311 2385 1521 2426 Plutarch.
1542 2384 1594 2425 de
1614 2384 1779 2439 Paedag.

349 2469 393 2509 p.
419 2466 483 2507 23.
545 2451 681 2493 Soloni
709 2451 853 2492 tribuit
872 2451 1096 2492 Ausonius.
1119 2451 1281 2492 Chilon.
1309 2467 1375 2506 ap.
1399 2451 1515 2492 Stob.
1536 2451 1601 2491 68.
1623 2466 1662 2506 p.
1685 2463 1779 2504 394.

350 2519 497 2572 γάμους
527 2519 697 2559 εὐτελεῖς
726 2517 788 2557 καὶ
818 2518 1013 2568 ἰσοτίμους
1045 2521 1184 2558 ποιεῖν.
1243 2517 1483 2558 Notandum
1510 2525 1584 2566 est,
1614 2525 1782 2566 veteres,

351 2599 482 2640 quum
507 2583 768 2639 proverbium
796 2582 935 2623 incerti
966 2583 1141 2624 auctoris
1171 2583 1351 2633 laudent,
1372 2583 1506 2623 dicere
1535 2582 1659 2622 solere
1690 2584 1785 2622 κατὰ

352 2651 440 2694 τοὺς
459 2650 620 2703 σοφοὺς,
641 2649 705 2690 vel
731 2651 780 2692 ὡς
805 2649 991 2702 λέγουσιν
1011 2651 1048 2690 οἱ
1077 2651 1208 2702 σοφοί,
1236 2649 1349 2704 quod
1379 2664 1485 2704 saepe
1513 2648 1624 2703 apud
1646 2647 1782 2688 Plato-

353 2732 444 2757 nem
475 2716 666 2757 invenias.
698 2716 873 2756 Theocr.
893 2728 955 2767 14,
979 2727 1044 2756 22.
1077 2715 1209 2766 ἔπαιξέ
1237 2733 1305 2764 τις,
1337 2717 1387 2758 ὡς
1417 2715 1541 2767 σοφὸς
1570 2715 1689 2760 εἶπεν,
1713 2714 1783 2753 ubi

353 2782 555 2824 videndus
583 2781 748 2823 omnino
778 2782 833 2822 D.
863 2781 1058 2821 Heinsius
1087 2796 1130 2836 p.
1155 2783 1250 2835 364.
1285 2781 1453 2822 Pindar.
1476 2795 1541 2836 ap.
1574 2779 1781 2820 Plutarch.

356 2848 520 2889 Consol.
539 2847 593 2888 ad
612 2846 756 2903 Apoll.
772 2862 815 2903 p.
834 2859 929 2890 202.
959 2848 1084 2900 Σοφοὶ
1104 2849 1145 2888 δὲ
1167 2849 1229 2888 καὶ
1247 2848 1291 2889 τὸ
1310 2849 1430 2899 μηδὲν
1450 2848 1550 2899 ἄγαν
1569 2846 1661 2888 ἔπος
1680 2847 1785 2895 αἴνη-
