1898 3256
365 199 450 244 296
834 205 1325 248 ANNOTATIONES

361 311 502 366 paucis
521 311 601 368 legi
618 313 777 354 videtur
797 314 975 371 legitque
995 316 1221 367 scholiasta,
1238 316 1400 358 divitias
1418 317 1648 374 intelligens
1662 319 1798 361 labore

362 387 512 433 partaS.

419 455 514 499 752.
554 448 622 486 τοῦ
652 446 894 502 φθάσαντος]
934 466 994 501 γρ.
1031 453 1111 491 τοῖς
1150 449 1354 501 φθάσασιν
1393 451 1588 492 Cantabr.
1629 452 1796 507 primus.

363 510 488 565 Soph.
511 511 612 552 (Ed.
636 513 684 553 C.
709 523 802 567 752.
824 515 1045 558 τούπιόντος
1065 517 1232 568 ἁρπαγή.
1265 518 1494 559 BLOMF.

419 587 512 631 753.
535 581 654 619 ταῦτα
674 579 767 633 τοῖς]
791 581 992 621 Praestare
1011 582 1176 622 videtur
1195 583 1315 623 ταῦτά
1334 600 1404 624 τοι.

418 645 561 698 κακοῖς]
584 646 665 685 Per
685 646 821 688 κακοὺς
841 648 982 699 ἄνδρας
1003 648 1249 689 Mardonius
1268 649 1465 690 innuitur.
1515 649 1637 690 Conf.
1660 651 1795 691 Hero—

361 709 445 750 dot.
469 710 509 760 8,
531 724 598 765 99.
630 712 857 753 BLOMF.

417 788 514 831 755.
535 778 605 827 ξὺν
623 779 871 820 Brunekius.
903 781 976 821 σὺν
996 780 1102 821 libri.

419 845 513 898 756.
549 844 662 885 ἔνδον
696 845 912 900 αἰχμάζειν]
942 847 1086 888 Hasta
1116 862 1328 904 pugnare.
1386 848 1558 889 Homer.
1591 848 1711 889 Iliad.
1744 855 1796 898 Δ,

359 923 456 965 324.
497 913 639 964 αἰχμὰς
677 911 707 951 δ’
748 912 1014 965 αἰχμάσσουσι
1046 915 1238 966 νεώτεροι.
1288 915 1448 969 Nempe
1487 916 1651 956 Xerxes
1676 915 1717 955 in
1749 931 1798 956 eo

361 977 546 1032 AEgisthi
572 977 710 1018 similis
729 988 831 1028 erat,
848 979 921 1034 qui
941 979 1092 1020 dicitur
1112 981 1133 1020 ὁ
1154 980 1228 1020 σὺν
1247 981 1398 1032 γυναιξὶ
1419 982 1488 1023 τὰς
1508 981 1637 1034 μάχας
1665 983 1795 1023 ποιού-

358 1061 475 1095 μενος
506 1044 694 1098 Sophocl.
723 1045 875 1086 Electr.
903 1058 999 1101 302.
1051 1046 1130 1086 Cui
1160 1045 1311 1086 idcirco
1339 1046 1541 1102 regeritur
1566 1047 1607 1087 in
1642 1049 1796 1102 Agam.

364 1112 484 1163 1676.
508 1112 723 1162 Κόμπασον
743 1115 899 1165 θαρσῶυ
918 1112 1090 1165 ἀλέκτωρ
1116 1113 1218 1153 ὥστε
1238 1114 1397 1164 θηλείας
1421 1114 1558 1161 πέλας,
1582 1129 1674 1155 nam
1698 1115 1796 1156 Pin-

359 1176 484 1218 darus
516 1177 636 1218 etiam
672 1178 777 1219 dixit
812 1178 1029 1232 ἐνδομάχας
1067 1178 1240 1231 ἀλέκτωρ
1271 1179 1335 1220 Ol.
1371 1192 1436 1230 12,
1469 1193 1533 1224 20.
1566 1181 1795 1222 BLOMF.

362 1243 554 1285 Similiter
574 1244 822 1286 Wakefield.
842 1245 894 1286 ad
918 1245 1042 1301 Soph.
1065 1246 1217 1286 Trach.
1239 1260 1262 1300 3
1268 1248 1335 1300 56.

417 1321 515 1364 759.
546 1311 659 1365 σφιν]
691 1312 875 1352 Numero
904 1311 1098 1366 singulari
1129 1311 1299 1362 dictum,
1331 1322 1376 1353 ut
1401 1313 1511 1367 apud
1546 1313 1670 1368 Soph.
1693 1313 1795 1355 (Ed.

361 1375 450 1417 Col.
471 1390 590 1429 1490.
610 1392 702 1432 quae
723 1377 807 1418 sola
826 1378 877 1418 de
898 1378 1059 1433 tragicis
1079 1379 1266 1434 exempla
1285 1378 1563 1420 innotuerunt.
1605 1381 1654 1420 V.
1671 1381 1794 1422 Butt-

359 1457 495 1484 mann.
520 1443 654 1484 Lexil.
676 1443 754 1484 vol.
777 1458 812 1484 1.
836 1460 875 1499 p.
893 1446 959 1485 60.

417 1511 512 1561 760.
534 1510 783 1565 ἀείμνηστον]
805 1512 1053 1562 αἰείμνηστον
1072 1509 1228 1565 aliquot
1247 1510 1366 1550 codd.
1387 1519 1428 1551 et
1449 1512 1582 1551 Turn.

417 1578 488 1630 761
501 1608 510 1616 .
532 1577 797 1631 ἐξεκείνωσεν]
819 1576 1031 1627 ἐξεκένωσε
1049 1576 1207 1631 aliquot
1227 1576 1344 1617 codd.
1367 1586 1406 1617 et
1426 1577 1537 1618 Rob.

416 1645 514 1697 763.
545 1643 648 1695 ἄνδρ’
682 1644 824 1694 (ἄνδρα
858 1642 1083 1698 typothetae
1114 1643 1236 1699 culpa
1267 1643 1310 1683 in
1343 1642 1407 1684 ed.
1440 1644 1597 1699 Oxou.)
1630 1644 1796 1699 ἁπάσης]

360 1709 427 1751 Sic
449 1711 497 1750 A.
520 1719 560 1750 et
582 1709 723 1750 Guelf.
755 1710 877 1761 ἄνδρα
895 1709 1023 1760 πάσης
1042 1709 1179 1764 vulgo.

413 1776 572 1819 Ἀσίδος
592 1777 710 1818 C.M.
734 1777 900 1816 Barocc.
922 1775 1023 1816 Ald.
1047 1777 1179 1815 Turn.
1222 1775 1405 1819 Ἀσιάδος
1434 1775 1555 1816 codd.
1580 1775 1726 1833 reliqui
1756 1786 1797 1818 et

358 1844 468 1885 Rob.
492 1843 635 1899 Steph.
687 1842 783 1883 Vid.
804 1842 856 1883 ad
879 1858 916 1883 v.
940 1853 1035 1895 270.

415 1912 511 1963 764.
534 1909 796 1963 εὐθυντήριον]
819 1908 1034 1960 ἰθυντήριον
1056 1909 1195 1964 Mosq.
1218 1909 1330 1949 Rob.

414 1978 508 2030 765.
541 1976 690 2030 Μῆδος]
719 1977 785 2016 De
815 1976 891 2016 hoc
915 1976 1003 2015 loco
1028 1973 1298 2016 hallucinatus
1319 1984 1380 2016 est
1411 1976 1588 2031 Scaliger
1618 1976 1670 2017 de
1701 1978 1795 2017 Em.

358 2045 508 2098 Temp.
532 2058 571 2097 p.
591 2054 687 2096 590.
740 2045 873 2092 Μῆδος
891 2051 951 2082 est
970 2056 1117 2081 nomen
1143 2042 1306 2096 gentile.
1359 2042 1555 2083 Innuitur
1574 2044 1796 2098 Astyages,

358 2109 580 2150 Medorum
611 2123 697 2157 rex,
718 2122 839 2162 quem
873 2107 1075 2147 Stanleius
1104 2107 1278 2148 eundem
1300 2122 1386 2148 esse
1413 2117 1599 2163 putatae
1619 2108 1794 2149 Darium

358 2175 548 2226 Medum,
570 2190 594 2215 a
613 2173 786 2215 Daniele
807 2181 1100 2219 memoratum;
1133 2173 1199 2213 cui
1226 2173 1436 2214 sententiae
1455 2173 1596 2228 objicit
1615 2174 1796 2215 Larche-

354 2257 426 2282 rus
465 2241 518 2281 ad
551 2239 753 2281 Herodot.
784 2239 863 2280 vol.
897 2253 938 2294 5.
971 2255 1011 2295 p.
1039 2240 1133 2294 283.
1165 2238 1340 2279 Darium
1376 2239 1600 2295 Babylonis
1633 2249 1793 2280 tantum

354 2322 490 2362 regem
512 2307 649 2357 fuisse,
669 2309 899 2361 Astyagem
922 2321 1017 2346 vero
1038 2305 1205 2346 Mediae.
1265 2305 1396 2346 Filius
1417 2306 1505 2362 ejus
1527 2309 1619 2361 (seu
1648 2307 1791 2362 gener)

354 2374 427 2429 qui
466 2389 545 2414 non
580 2373 828 2422 nominatur,
865 2373 1073 2428 Cyaxares
1106 2372 1211 2418 fuit;
1251 2372 1352 2428 Cyri
1386 2372 1506 2423 filius,
1541 2373 1790 2428 Cambyses;

354 2440 448 2481 dein
483 2440 657 2488 Merdis‚
690 2455 760 2480 seu
798 2439 979 2480 Smerdis
1016 2441 1186 2495 Magus,
1221 2439 1294 2494 qui
1327 2455 1351 2480 a
1386 2449 1538 2495 septem
1574 2440 1794 2495 conjuratis

353 2508 509 2548 occisus
537 2518 610 2554 est,
641 2506 746 2546 inter
780 2521 884 2560 quos
911 2506 1215 2561 Artaphernem
1246 2514 1425 2546 recenset
1460 2505 1627 2546 Ctesias.
1687 2506 1793 2546 Haec

353 2575 438 2615 fere
458 2573 690 2614 observavit
714 2572 928 2613 Stanleius.
960 2572 1188 2613 BLOMF.

412 2642 506 2693 766.
527 2641 643 2692 ἔργον
662 2639 822 2693 ἤνυσεν]
841 2638 987 2690 ἤνυσεν
1008 2639 1124 2691 ἔργον
1144 2638 1192 2677 C.
1216 2637 1384 2677 Barocc.
1405 2637 1506 2677 Ald.
1529 2638 1638 2678 Rob.

412 2708 506 2760 767.
538 2705 695 2759 φρένες]
726 2704 993 2759 Negligenter
1017 2704 1100 2759 egit
1129 2702 1353 2753 scholiasta,
1379 2703 1452 2758 qui
1480 2703 1557 2744 hoc
1586 2704 1637 2744 de
1666 2706 1790 2745 Arta—

352 2772 507 2827 phrene
526 2772 680 2812 dictum
702 2778 835 2826 putat.
883 2769 1151 2823 Ἀρταφρένης
1179 2771 1269 2822 γὰρ,
1289 2768 1439 2824 inquit,
1467 2770 1508 2820 ἐξ
1535 2772 1790 2823 ἐτυμολογίας

351 2838 510 2890 λέγεται
531 2840 551 2878 ὁ
572 2839 641 2880 τὰς
660 2836 806 2889 φρένας
826 2837 929 2889 ἔχων
948 2837 1093 2888 ἀρτίας.
1125 2836 1342 2877 STANL.
