1898 3256
562 207 651 248 AD
683 205 1162 248 PROMETHEUM.
1548 202 1602 245 31

133 323 320 365 dramate
347 331 488 363 autem
518 320 696 378 satyrico
717 333 816 369 uno,
840 317 1092 360 Prometheo
1111 316 1302 373 ignifero.
1365 317 1601 374 Satyricum

133 390 279 432 drama
297 389 475 446 trilogiae
503 403 557 430 ex
587 387 760 437 Phineo,
786 386 923 428 Persis
951 396 992 427 et
1014 384 1179 427 Glauco
1199 383 1413 426 Potniensi
1432 399 1601 441 compo-

134 458 223 500 sitae
253 457 442 499 additum
463 456 604 507 fuisse,
623 470 721 511 quae
750 454 949 497 archonte
971 455 1174 504 Menone,
1194 451 1445 509 olympiadis
1470 454 1540 507 76,
1560 467 1601 506 4.

133 540 355 583 eponymo,
375 525 417 566 in
449 539 608 566 scenam
638 533 700 565 est
722 522 941 580 producta,
962 538 1014 563 ex
1036 520 1266 564 didascaliis
1295 520 1481 578 prodidit
1502 523 1604 563 Per-

133 608 270 635 sarum
290 592 525 649 argumenti
555 592 743 649 scriptor.
804 591 888 642 Qui
918 590 1012 632 licet
1044 590 1263 647 satyricam
1290 589 1476 631 fabulam
1508 589 1603 631 sim-

132 661 229 719 plici
245 659 483 703 Promethei
506 660 672 701 nomine
700 659 986 717 appellaverit,
1008 675 1094 716 quo
1113 659 1286 701 fortasse
1306 659 1348 700 in
1370 658 1603 700 didascaliis

129 745 300 786 quoque
330 737 472 770 notata
490 728 588 779 fuit,
611 738 747 770 tamen
768 743 850 770 non
873 727 1050 769 dubium
1081 737 1143 769 est
1167 727 1269 784 quin
1303 726 1600 768 Prometheum

130 799 335 851 πυρφόρον
373 796 637 848 intellexerit,
676 797 797 853 cujus
836 811 986 837 nomen
1028 811 1112 837 non
1157 795 1290 838 solum
1335 796 1377 837 in
1418 805 1600 837 veterem

131 865 326 923 AEschyli
345 865 582 906 fabularum
598 864 834 921 catalogum
855 874 918 906 est
943 864 1136 915 relatum,
1159 865 1231 906 sed
1251 864 1374 906 etiam
1404 864 1458 906 ab
1478 864 1597 906 scho—

130 935 249 976 liasta
268 934 323 976 ad
346 933 584 976 Promethei
604 932 731 975 vincti
751 949 791 974 v.
812 946 882 988 94.
905 932 1128 989 Gellioque
1150 934 1205 974 N.
1227 934 1284 974 A.
1312 947 1328 973 ῐ
1336 947 1378 989 3,
1404 934 1467 974 18.
1488 948 1600 974 com-

125 1014 422 1046 memoratum.
484 1004 558 1045 Ab
588 1019 638 1044 eo
668 1012 716 1044 ut
748 1017 830 1043 non
861 1001 1073 1043 diversum
1110 1017 1197 1043 esse
1223 1002 1442 1043 credamus
1471 1017 1598 1058 quem

134 1072 287 1114 Pollux
318 1087 360 1127 9,
395 1072 493 1127 156.
525 1071 701 1124 πυρκαέα
737 1079 856 1112 vocat
891 1071 1188 1112 Prometheum
1226 1070 1296 1125 (‘0
1329 1070 1360 1112 δ’
1398 1070 1600 1124 ἐμπρήσας

131 1140 217 1195 τάχ’
250 1140 299 1182 ἂν
329 1140 522 1193 πυρκαεὺς
552 1139 781 1192 ὀνομάζοιτο
812 1138 894 1180 κατ’
916 1141 1123 1194 Αἰσχύλον
1144 1140 1207 1180 καὶ
1228 1138 1456 1191 Σοφοκλέα,
1478 1140 1600 1182 οὕτως

132 1209 433 1264 ἐπιγράψαντας
451 1211 500 1250 τὰ
519 1208 708 1262 δράματα,
730 1208 800 1250 τὸν
819 1210 894 1260 μὲν
913 1208 983 1249 τὸν
999 1207 1228 1261 Προμηθέα,
1250 1206 1321 1248 τὸν
1337 1208 1380 1248 δὲ
1398 1207 1470 1247 τὸν
1491 1211 1529 1248 N
1533 1208 1600 1249 αύ-

130 1280 285 1332 πλιον.)
317 1277 408 1334 ipsa
430 1277 644 1318 nominum
676 1276 904 1317 similitudo
924 1275 1086 1326 suadet,
1108 1290 1242 1332 quum
1270 1290 1345 1317 nec
1366 1275 1471 1316 duas
1491 1275 1599 1332 ejus-

130 1345 225 1387 dem
246 1345 332 1387 fere
351 1345 587 1402 argumenti
606 1344 771 1386 fabulas
800 1344 997 1401 satyricas
1016 1344 1192 1386 edidisse
1213 1343 1468 1401 AEschylum
1490 1344 1595 1386 veri-

131 1413 263 1455 simile
292 1413 496 1462 videatur,
522 1428 597 1455 nec
628 1413 924 1455 Prometheum
956 1415 1162 1467 πυρφόρον
1191 1428 1269 1470 pro
1292 1412 1497 1469 tragoedia
1527 1412 1598 1454 ha-

131 1482 229 1523 bere
246 1481 390 1524 liceat:
423 1481 635 1539 aptissima
654 1481 762 1523 enim
785 1482 875 1524 haec
893 1482 1051 1524 fabulae
1072 1481 1337 1523 Prometheae
1366 1497 1463 1538 pars
1484 1493 1595 1539 saty-

130 1550 216 1592 rico
242 1549 417 1592 dramati
446 1559 522 1600 est,
552 1549 694 1607 inepta
723 1550 950 1607 tragoediae.
1013 1551 1166 1606 Itaque
1195 1549 1299 1591 nihil
1329 1549 1444 1591 aliud
1472 1550 1594 1592 relin-

127 1617 276 1674 quitur
294 1633 422 1674 quam
443 1627 490 1659 ut
507 1617 721 1660 Pollucem
745 1619 988 1676 Sophocleae
1017 1618 1173 1660 fabulae
1192 1634 1422 1675 cognomen
1443 1634 1597 1661 memo-

118 1686 203 1727 >riae
233 1701 384 1738 errore,
415 1702 541 1743 quem
571 1686 652 1728 alio
681 1686 772 1729 loco
809 1690 900 1743 (10,
930 1687 1035 1741 64),
1066 1687 1140 1729 ubi
1170 1703 1314 1729 versus
1342 1688 1512 1744 quidam
1543 1704 1596 1731 ex

132 1756 384 1798 Prometheo
403 1760 570 1809 πυρκαεΐ
586 1756 774 1808 affertur,
793 1756 1000 1812 repetivit,
1019 1756 1343 1798 communicasse
1363 1757 1596 1809 credamus,

129 1824 196 1864 cui
226 1839 278 1865 ne
307 1823 405 1866 satis
427 1834 573 1880 aptum
604 1824 772 1880 quidem
804 1835 878 1875 est,
899 1840 1032 1880 quum
1064 1824 1303 1866 Promethei
1328 1825 1482 1867 crimen
1511 1841 1594 1867 non

131 1900 214 1932 tam
236 1891 276 1932 in
298 1907 348 1933 eo
362 1891 542 1948 positum
564 1893 616 1933 sit
634 1892 750 1948 quod
779 1892 917 1949 ignem
946 1892 1134 1934 accendit
1154 1908 1282 1950 quam
1302 1893 1418 1950 quod
1447 1909 1593 1936 accen-

129 1974 221 2000 sum
241 1959 295 2000 ad
317 1958 509 2001 mortales
527 1959 682 2012 attulit,
707 1960 817 2002 unde
832 1961 886 2002 ab
909 1960 1113 2016 Sophocle
1133 1977 1303 2018 quoque
1324 1961 1476 2019 OEdip.
1500 1963 1591 2004 Col.

126 2038 153 2082 5
155 2039 199 2082 5.
221 2029 423 2082 πυρφόρος
443 2029 534 2072 θεὸς
552 2031 677 2070 Τιτὰν
698 2030 928 2082 Προμηθεύς
949 2029 1087 2071 dictus
1106 2039 1183 2081 est,
1204 2045 1287 2071 non
1309 2032 1514 2084 πυρκαεύς.

186 2096 426 2153 Tragoediae
456 2097 696 2139 Promethei
717 2097 844 2139 vincti
870 2107 911 2139 et
932 2098 1173 2139 Promethei
1204 2098 1327 2140 soluti
1355 2099 1593 2141 nominibus

126 2164 334 2222 inscriptae
355 2181 430 2207 nec
450 2181 536 2222 quo
557 2177 742 2223 tempore
770 2165 894 2208 editae
924 2165 1005 2207 sint
1034 2176 1208 2218 constat,
1230 2166 1307 2208 nisi
1337 2168 1454 2224 quod
1486 2169 1591 2210 Pro-

127 2233 337 2275 metheum
362 2234 543 2276 vinctum
565 2244 659 2292 post
680 2235 836 2291 olymp.
860 2245 931 2290 75,
954 2247 992 2277 2.
1027 2236 1227 2291 scriptum
1260 2252 1346 2278 esse
1375 2236 1592 2293 probabile

123 2311 198 2352 est,
219 2302 272 2344 de
291 2318 377 2359 quo
397 2303 451 2344 ad
471 2318 510 2345 v.
531 2305 632 2359 367.
653 2313 903 2361 exponetur,
925 2319 1062 2360 neque
1090 2304 1195 2346 illud
1224 2304 1487 2362 exploratum
1520 2306 1591 2349 ha—

124 2370 271 2412 bemus
301 2381 443 2413 utrum
470 2372 613 2413 eadem
645 2373 780 2414 ambae
809 2372 976 2429 trilogia
1004 2372 1312 2430 comprehensae
1338 2389 1389 2415 an
1420 2374 1593 2417 diversis

123 2438 247 2480 editae
267 2439 524 2496 temporibus
549 2439 717 2482 fuerint.
778 2440 862 2491 Qui
882 2440 1068 2497 ejusdem
1100 2440 1277 2498 trilogiae
1305 2442 1433 2483 fuisse
1462 2443 1593 2484 credi-

123 2505 277 2548 derunt
294 2506 373 2548 viri
394 2506 506 2549 docti
527 2523 609 2549 non
632 2507 764 2549 solum
786 2509 1023 2565 argumenti
1038 2509 1288 2551 cohaerentia
1307 2509 1349 2550 in
1370 2510 1476 2552 hanc
1493 2521 1590 2553 sunt

124 2573 367 2616 sententiam
402 2574 587 2627 deducti,
619 2576 691 2618 sed
725 2576 848 2618 etiam
885 2576 1115 2618 scholiastae
1145 2577 1394 2628 testimonio,
1431 2579 1503 2634 qui
1535 2579 1588 2620 ad

123 2641 279 2683 fabulae
309 2643 541 2699 superstitis
560 2659 599 2685 v.
622 2657 724 2699 511.
746 2644 975 2695 annotavit,
996 2645 1019 2685 ὅ
1047 2646 1169 2692 ἐστιν,
1193 2646 1299 2686 οὔπω
1327 2662 1394 2697 μοι
1423 2649 1592 2698 λυθῆναι

115 2711 371 2763 μεμοίραται·
405 2713 450 2753 ἐν
469 2714 546 2765 γὰρ
565 2713 618 2768 τῷ
640 2711 728 2764 ἑξῆς
748 2712 914 2765 δράματι
933 2713 1082 2753 λύεται·
1114 2714 1211 2765 ὅπερ
1233 2714 1418 2766 ἐμφαίνει
1438 2716 1589 2769 Αἰσχύ-

123 2783 208 2821 λος.
262 2779 517 2835 Argumenti
546 2779 796 2821 cohaerentia
816 2795 943 2836 quam
973 2779 1100 2820 fallax
1131 2780 1173 2820 in
1207 2780 1447 2836 hujusmodi
1476 2797 1591 2838 quae-

122 2845 327 2888 stionibus
346 2855 639 2902 argumentum
662 2847 714 2888 sit
733 2863 865 2903 quum
896 2847 1088 2903 pluribus
1108 2849 1268 2890 ostendi
1299 2850 1429 2906 possit
1448 2866 1586 2892 exem-

122 2913 217 2970 plis,
234 2914 332 2956 satis
346 2915 423 2956 erit
441 2915 659 2971 Sophoclis
679 2915 886 2972 OEdipum
907 2931 1046 2972 regem
1069 2927 1110 2958 et
1131 2916 1340 2974 OEdipum
1356 2920 1586 2961 Coloneum

128 2984 361 3036 memorari,
384 2999 480 3039 quae
494 2983 650 3026 fabulae
669 2983 895 3037 multorum
913 2999 1115 3026 annorum
1130 2984 1348 3028 intervallo
1363 2996 1460 3029 sunt
1476 3002 1591 3044 sepa-
