1898 3256
594 218 684 259 AD
715 216 1179 260 PROMETHEUM
1186 249 1194 257 .
1576 218 1628 261 71

392 329 414 370 ὁ
435 326 467 368 δ’
488 327 661 379 ἀσθενὴς
678 327 729 378 ἦν
749 329 828 368 τῶν
846 324 1067 378 ἀμεινόνων
1085 325 1202 378 βορά.

394 395 481 437 ἐπεὶ
500 394 532 436 δ’
554 396 576 436 ὁ
592 395 732 436 τίκτων
750 392 882 436 πάντα
903 394 966 435 καὶ
985 393 1144 447 τρέφων
1162 392 1310 447 χρόνος

390 462 461 504 τὸν
481 462 626 515 θνητὸν
644 461 872 514 ἦλλοίωσεν
893 462 1066 513 ἔμπαλιν
1083 462 1194 513 βίον,

391 529 460 572 εἴτ’
481 531 552 572 οὖν
571 529 765 583 μέριμναν
783 530 855 581 τὴν
875 528 1117 581 Προμηθέως
1135 527 1296 572 σπάσας

390 597 458 639 εἴτ’
475 598 546 639 οὖν
566 597 756 652 ἀνάγκην,
780 600 859 640 εἴτε
878 599 924 650 τῇ
944 599 1074 653 μακρᾷ
1095 601 1211 656 τριβῇ

390 666 511 718 αὐτὴν
529 668 751 721 παρασχὼν
770 667 842 718 τὴν
861 668 986 720 φύσιν
1005 667 1258 715 διδάσκαλον,

389 732 470 775 τόθ’
492 734 630 787 εὑρέθη
649 736 724 786 μὲν
744 734 890 787 καρπὸς
908 734 1054 788 ἡμέρου
1073 739 1221 789 τροφῆς

390 800 580 854 δήμητρος
600 803 737 856 ἁγνῆς,
760 802 899 855 εὑρέθη
919 804 963 844 δὲ
983 805 1156 858 Βακχίου

388 873 553 922 γλυκεῖα
571 871 690 923 πηγὴ,
711 874 808 924 γαῖα
828 869 859 911 δ’
880 872 904 923 ἡ
924 871 1017 924 πρὶν
1037 871 1213 925 ἄσπορος

387 937 460 988 ἤδη
478 943 709 991 ζυγουλκοῖς
726 939 873 991 βουσὶν
891 939 1136 991 ἠροτρεύετο.

390 1005 501 1047 αὐτοὶ
521 1005 552 1047 δ’
577 1008 858 1060 ε’πνργῶσαντο
880 1007 943 1048 καὶ
962 1011 1214 1060 περισκεπεῖς

390 1073 552 1125 ἔτευξαν
571 1076 711 1118 οἴκους·
744 1075 807 1116 καὶ
826 1075 897 1116 τὸν
916 1075 1162 1129 ἠγριωμένον

391 1142 446 1184 εἰς
464 1142 611 1195 ἥμερον
631 1143 784 1184 δίαιταν
803 1142 956 1196 ἤγαγον
974 1144 1084 1194 βίον.

392 1209 464 1250 κᾶκ
483 1212 597 1251 τοῦδε
615 1209 704 1253 τοὺς
724 1208 916 1254 θανόντας
935 1212 1080 1264 ὥρισεν
1100 1209 1219 1263 νόμος

389 1276 554 1328 τύμβοις
574 1278 787 1319 καλύπτειν
806 1279 1111 1331 κᾶπιμοιρᾶσθαι
1131 1277 1240 1321 κόνιν

390 1344 550 1397 νεκροὺς
569 1343 600 1385 δ’
622 1343 820 1389 ἆθάπτους
837 1348 922 1398 μηδ’
944 1348 988 1388 ἐν
1007 1348 1232 1400 ὀφθαλμοῖς
1253 1349 1324 1390 ε’ἃν

389 1415 457 1465 τῆς
473 1410 627 1466 πρόσθε
647 1415 780 1465 θοίνης
797 1412 1050 1466 μνημόνευμα
1070 1414 1281 1467 δυσσεβές.

160 1479 330 1536 Dignus
343 1479 466 1521 etiam
487 1490 548 1522 est
568 1480 642 1537 qui
662 1481 900 1524 conferatur
919 1482 1136 1524 Vitruvius
1156 1483 1227 1525 lib.
1251 1497 1289 1527 2.
1309 1499 1398 1540 cap.
1417 1497 1456 1525 1.
1488 1485 1625 1526 SCH.

216 1549 315 1601 468.
338 1548 443 1605 εὗρε]
465 1550 579 1603 εὗρεν
597 1548 702 1592 Ald.
725 1550 835 1591 Rob.
860 1551 998 1592 Turn.
1050 1551 1324 1594 Scribendum
1346 1553 1450 1606 ηὗρε.

220 1617 431 1672 ναυτίλων]
454 1616 700 1672 ναυτιλόχων
720 1618 788 1659 Μ.

216 1686 316 1740 469.
339 1683 527 1740 ἐξευρὼν]
552 1687 711 1738 ἐξεῦρον
729 1685 889 1742 aliquot
908 1685 1030 1727 codd.
1051 1695 1094 1728 et
1113 1687 1224 1729 Rob.

216 1762 318 1806 470.
337 1752 567 1809 βροτοῖσιν]
589 1757 750 1806 βροτοῖς
770 1753 882 1795 Rob.

218 1821 353 1878 αὐτὸς]
377 1822 494 1865 αὐτὸς
514 1822 547 1863 δ’
568 1821 747 1863 vindob.
769 1832 945 1878 quartus
964 1832 1006 1863 et
1026 1823 1139 1864 Rob.

217 1888 382 1942 σοφισμ’
405 1890 501 1945 ὅτῳ]
526 1890 787 1944 σοφισμάτων
809 1891 891 1941 Μ.,
914 1891 1194 1948 superscripto
1213 1892 1267 1933 ab
1286 1890 1366 1932 alia
1386 1906 1511 1934 manu
1534 1894 1624 1948 ὅτῳ,

217 1968 315 2012 472.
337 1959 444 2002 αἰκὲς
464 1958 689 1999 Porsonus.
723 1958 991 2000 Scribebatur
1011 1959 1154 2003 ἀεικές.
1187 1961 1254 2001 De
1269 1959 1402 2000 forma
1422 1959 1626 2017 disyllaba

160 2026 271 2077 αἷκής
299 2035 340 2068 et
369 2026 422 2067 de
452 2025 763 2082 quadrisyllaba
789 2025 963 2069 αἷκέλιος
988 2041 1066 2083 pro
1094 2027 1290 2071 ἀεικέλιος
1318 2043 1358 2067 ν.
1384 2027 1553 2069 Seidler.
1583 2028 1623 2069 in

158 2093 266 2136 libro
285 2093 339 2135 de
358 2094 544 2136 versibus
562 2094 729 2136 dochm.
752 2110 791 2151 p.
812 2107 912 2146 404.

218 2163 322 2204 Post
361 2167 520 2216 φρενῶν
557 2162 871 2219 interpungitur
904 2163 958 2204 ab
993 2163 1096 2205 Ald.
1132 2163 1243 2205 Rob.
1295 2165 1540 2206 Correctum
1581 2164 1623 2205 in

161 2231 298 2272 Turn.

216 2310 316 2355 473.
346 2299 500 2353 πλανᾷ]
534 2298 670 2340 πλάνα
696 2297 793 2340 Ald.
838 2298 972 2353 πλάνᾳ
997 2299 1133 2340 Turn.
1185 2299 1320 2339 Recta
1339 2297 1542 2355 scriptura
1563 2310 1624 2341 est

159 2366 201 2408 in
223 2367 291 2408 M.
315 2366 490 2422 aliisque
509 2376 551 2408 et
579 2367 688 2408 Rob.
714 2365 860 2422 Steph.
923 2367 976 2407 In
1004 2365 1212 2407 nonnullis
1242 2366 1454 2408 codicibus
1475 2367 1621 2419 πλάνῃ,

159 2434 272 2491 quod
293 2434 447 2476 librarii
467 2444 697 2490 posuerunt
718 2450 847 2490 pravo
867 2444 1039 2476 accentu
1060 2434 1194 2489 πλάνᾳ
1213 2434 1392 2491 decepti.

219 2503 335 2547 κακὸς
364 2502 395 2544 δ’
419 2503 549 2556 ἰατρὸς
579 2504 631 2546 ὥς
660 2504 734 2557 τις]
773 2504 874 2544 Huc
900 2502 1066 2559 respicit
1099 2502 1308 2558 Sulpicius
1337 2502 1379 2543 in
1411 2502 1548 2559 Epist.
1569 2504 1623 2544 ad

161 2571 348 2613 Cicer-on.
371 2571 508 2627 Epist.
529 2570 584 2611 ad
605 2571 804 2611 Diversos
826 2585 869 2624 4,
892 2584 934 2625 5.
966 2572 1114 2627 Neque
1142 2571 1310 2611 imitare
1339 2571 1469 2611 malos
1498 2571 1625 2612 medi-

158 2654 238 2686 cos,
259 2641 333 2696 qui
352 2640 399 2679 in
418 2639 571 2679 alieni-s*
594 2639 750 2680 morbis
773 2640 1028 2695 profitentur
1042 2653 1085 2680 se
1103 2645 1240 2679 tenere
1260 2639 1478 2680 medicinae
1493 2640 1623 2680 scien·

157 2707 280 2757 tiam,
300 2707 386 2761 ipsi
404 2719 448 2746 se
466 2719 618 2746 curare
636 2720 720 2746 mm
736 2712 927 2762 possunt.
960 2706 1192 2747 BLOMF.

217 2774 270 2817 ὥς
288 2773 365 2827 τις]
388 2773 498 2815 ὅστις
517 2771 621 2813 Ald.
645 2772 757 2813 Rob.
776 2783 817 2814 et
838 2772 997 2828 aliquot
1018 2773 1142 2815 codd.

215 2852 316 2894 474.
337 2839 526 2894 σεαυτὸν]
551 2840 700 2881 σαυτὸν
717 2840 898 2881 Vindob.
915 2841 1013 2882 duo.

215 2919 270 2962 47
273 2917 316 2963 5.
337 2907 510 2961 ἰάσιμος]
536 2907 695 2958 ἰάσιμον
715 2907 801 2948 duo
820 2908 942 2951 codd.
962 2918 1005 2950 et
1025 2908 1128 2951 Ald.

214 2976 314 3029 476.
335 2976 426 3030 μου]
453 2992 519 3028 μοι
540 2990 687 3017 novem
708 2975 882 3018 codices.
