1898 3256
658 218 747 259 AD
778 217 1030 259 PERSAS.
1496 218 1582 259 255

115 344 299 372 munus:
330 331 445 387 quod
473 331 620 373 fuisset
641 331 699 375 οἶς
726 330 844 374 τέλος
872 330 975 372 τόδε.
1007 328 1091 370 vid.
1113 330 1268 386 Agam.
1291 341 1388 384 909.
1441 329 1581 380 Verte,

114 399 263 454 quibus
280 399 368 440 haec
386 414 510 441 sacra
533 402 701 456 (nempe
720 399 778 440 ad
790 400 953 441 somnia
973 398 1207 454 eoepianda)
1223 398 1454 454 pertinent.
1490 399 1582 439 Eu-

113 465 192 522 rip.
215 466 334 508 Med.
360 478 481 523 1379.
514 468 670 520 Σεμνὴν
697 467 836 520 ἑορτὴν
867 467 931 508 καὶ
960 465 1057 518 τέλη
1077 466 1358 520 προσάψομεν.
1402 466 1579 523 Hippol.

116 547 140 577 2
141 547 183 588 5.
201 538 364 587 Σεμνῶν
385 537 424 579 ἐς
444 537 543 590 ὄψιν
562 537 626 578 καὶ
645 535 741 588 τέλη
759 536 996 589 μυστηρίων.
1019 533 1091 575 ubi
1113 533 1208 575 vide
1230 534 1382 575 Monk.
1426 535 1579 592 Eurip.

111 616 179 658 ap.
202 603 360 644 Athen.
382 618 424 660 p.
439 617 508 656 40.
531 605 587 645 D.
606 606 724 657 μικρὰ
745 604 906 647 θύοντες
925 602 1034 655 τέλη.
1067 603 1299 644 BLOMF.

172 682 267 726 205.
291 672 439 727 αἰετὸν]
463 671 735 713 Scribendum
759 671 877 713 ἀετὸν
895 686 989 713 cum
1012 670 1240 713 Brunekio.

170 749 266 792 207.
286 740 548 796 μεθύστερον]
569 739 654 793 μεθ’
675 741 843 793 ὕστερον
863 740 929 780 Μ.
952 738 1054 780 Ald.
1077 739 1190 781 Rob.
1213 741 1352 782 Turn.

170 808 320 862 κίρκον]
358 809 520 850 Notatu
551 808 726 865 dignum
762 817 838 859 est,
876 807 1130 849 simillimum
1163 817 1405 864 portentum
1432 809 1576 852 iisdem

110 873 197 916 fere
217 875 354 916 verbis
380 875 433 917 ab
459 876 680 918 Herodoto
700 885 912 918 narratum
944 891 1045 926 esse,
1074 875 1206 916 visum
1237 886 1392 933 septem
1426 879 1577 920 Persa·

110 956 204 984 rum
240 944 480 1000 conjuratis,
514 959 647 1001 quum
686 944 739 985 de
776 943 938 985 Smerdi
974 943 1258 1000 aggrediendo
1286 944 1578 998 deliberarent,

110 1010 354 1064 ὠθιζομένων
384 1014 428 1054 δὲ
457 1013 597 1061 αὐτῶν,
632 1012 760 1067 ἐφάνη
795 1012 935 1066 ἰρήκων
969 1014 1068 1054 ἑπτὰ
1098 1015 1251 1067 ζεύγεα,
1286 1015 1355 1055 δύο
1388 1017 1580 1068 αἰγυπιῶν

112 1079 264 1133 ζεύγεα,
297 1080 487 1122 διῶκοντά
531 1098 575 1122 τε
612 1082 675 1123 καὶ
715 1082 907 1123 τίλλοντα
952 1082 1016 1122 καὶ
1051 1082 1294 1134 ἀμύσσοντα.
1347 1083 1579 1140 AEschylus

109 1158 249 1190 autem
279 1148 332 1190 ad
362 1148 595 1190 Homerum
623 1149 731 1190 forte
762 1149 956 1206 respexit,
989 1149 1071 1191 Od.
1105 1154 1155 1192 Ο.
1185 1161 1284 1206 524.
1318 1152 1370 1195 ὡς
1402 1153 1479 1205 ἄρα
1515 1156 1579 1194 fot

112 1217 288 1258 femo‘vn
319 1217 514 1259 ἐπέπτατο
544 1217 669 1269 δεξιὸς
697 1219 817 1271 ὅρνις,
850 1219 1006 1271 Κίρκος,
1025 1216 1287 1262 ’Λπόλλωνος
1315 1219 1436 1273 ταχὺς
1456 1221 1576 1274 ἄγγε-

108 1287 193 1327 λος·
226 1285 271 1325 ἐν
297 1285 341 1325 δὲ
371 1286 541 1326 πόδεσσι
565 1287 694 1327 Τίλλε
727 1285 895 1327 πέλειαν
931 1286 1049 1340 ἔχων,
1081 1288 1179 1327 κατὰ
1222 1287 1265 1327 δὲ
1299 1289 1423 1340 πτερὰ
1457 1292 1578 1342 χεῦεν

110 1352 232 1405 ἔραζε.
264 1353 498 1394 BLOMF.

124 1471 132 1478 ⁸
168 1433 263 1476 209.
295 1421 331 1475 γ’
353 1437 433 1463 om.
455 1422 559 1463 Ald.
580 1423 692 1464 Rob.
724 1424 828 1465 Post
848 1423 968 1476 δέμας
993 1423 1035 1465 in
1062 1425 1232 1466 Barocc.
1254 1426 1358 1466 Ven.
1380 1424 1515 1482 primo
1535 1436 1577 1468 et

108 1480 213 1530 Ald.
234 1488 395 1530 illatum
416 1493 470 1546 τῷ
492 1493 604 1546 κίρκῳ
625 1492 851 1533 τύπτεσθαι.

167 1570 262 1601 210.
285 1557 366 1599 ἔστ’
390 1558 502 1613 ἰδεῖν]
526 1560 674 1600 ἐσιδεῖν
695 1560 761 1600 Μ.

167 1637 263 1680 213.
296 1629 418 1668 κακῶς
447 1627 490 1667 δὲ
518 1627 667 1679 πράξας
694 1627 768 1680 οὐχ
791 1627 1007 1670 ὑπεύθυνος
1033 1629 1164 1677 πόλει,
1197 1628 1340 1672 σωθεὶς
1372 1628 1404 1670 δ’
1434 1631 1576 1682 ὁμοίως

107 1695 227 1743 τῆσδε
245 1698 420 1746 κοιρανεῖ
435 1694 593 1749 χθονός]
613 1694 854 1743 Scholiasta,
872 1696 917 1736 οὐ
931 1695 1177 1748 τιμωρητέος,
1193 1697 1238 1737 οὗ
1258 1698 1366 1741 δίκας
1381 1699 1572 1751 ὀφείλων,

108 1763 173 1802 διὰ
201 1761 246 1802 τὸ
274 1763 373 1813 ὑμᾶς
405 1761 524 1803 αὐτὸν
552 1764 802 1814 παρορμῆσαι
835 1763 898 1803 καὶ
933 1764 1048 1819 κοινῷ
1082 1764 1247 1817 δόγματι
1277 1765 1469 1818 γενέσθαι
1500 1766 1572 1818 τὴν

109 1829 260 1870 ἐκείνου
282 1829 418 1880 ἔξοδον
439 1830 502 1870 καὶ
520 1829 618 1882 πρὸς
632 1829 722 1872 τοὺς
739 1828 975 1880 Ἀθηναίους
993 1831 1142 1884 ἄφιξιν.
1202 1832 1350 1888 Hujus
1369 1833 1572 1890 interpre-

108 1896 273 1938 tationis
301 1897 598 1940 absurditatem
619 1896 759 1952 aliqua
778 1912 831 1938 ex
859 1907 978 1953 parte
1009 1899 1134 1940 sensit
1167 1899 1429 1951 Schuetzius,
1452 1903 1574 1958 cujus

106 1964 196 2006 haec
230 1974 291 2006 est
320 1965 532 2006 annotatio
562 1966 717 2015 “Non,
753 1975 800 2007 ut
834 1966 1051 2008 scholiasta
1080 1967 1273 2024 explicat,
1303 1969 1402 2024 quia
1437 1969 1574 2027 culpae

106 2031 225 2074 istius
245 2033 374 2075 socios
396 2032 544 2074 habeat
563 2032 826 2083 consiliarios,
844 2034 918 2090 qui
939 2050 1033 2076 eum
1055 2035 1107 2076 ad
1130 2036 1432 2092 suscipiendam
1449 2053 1573 2095 expe-

107 2099 303 2141 ditionem
324 2100 365 2140 in
386 2099 590 2141 Graeciam
613 2099 880 2156 impulerint;
914 2101 985 2142 sed
1003 2101 1142 2158 potius
1158 2101 1257 2158 quia
1272 2113 1443 2159 propter
1459 2104 1572 2146 αὐτο-

107 2171 226 2221 κρατῆ
244 2169 463 2219 βασιλείαν
484 2169 547 2209 καὶ
568 2169 850 2216 ἀνυπεύθυνον,
874 2180 922 2210 ut
944 2168 1159 2210 Plutarchi
1178 2170 1312 2211 verbis
1343 2181 1526 2222 utamur,
1548 2187 1574 2213 a

105 2236 268 2277 nemine
286 2236 453 2286 civium,
476 2246 524 2277 ut
543 2251 680 2277 rerum
703 2236 808 2277 male
828 2247 1038 2293 gestarum
1057 2237 1255 2279 rationem
1275 2238 1483 2290 redderet,
1499 2250 1573 2281 aut

104 2319 270 2346 causam
303 2304 472 2354 diceret,
504 2304 596 2361 cogi
628 2313 804 2360 poterat.
837 2309 1012 2358 κοιρανεῖ
1043 2304 1084 2346 h.
1110 2305 1138 2346 l.
1172 2305 1405 2347 futurum.''
1465 2308 1572 2358 Quae

105 2373 206 2415 nihil
227 2372 348 2429 plane
367 2373 588 2414 conferunt
606 2372 660 2414 ad
680 2372 758 2414 loci
774 2373 903 2429 hujus
917 2372 1202 2415 difficultatem
1220 2373 1456 2425 tollendam,
1474 2391 1589 2431 quaev

104 2456 187 2482 non
211 2441 253 2482 in
275 2441 433 2482 ratione
453 2440 531 2481 sita
549 2450 611 2481 est
631 2440 792 2481 civibus
812 2440 876 2480 vel
901 2440 1114 2481 reddenda
1134 2441 1196 2482 vel
1228 2456 1310 2482 non
1342 2441 1571 2494 reddenda,

106 2508 176 2549 sed
198 2507 238 2548 in
261 2507 554 2548 sententiarum
576 2507 863 2548 consecutione
883 2507 1074 2548 absurda.
1136 2509 1246 2549 Nam
1271 2508 1326 2549 sic
1356 2509 1446 2550 haec
1476 2525 1568 2566 pro-

106 2575 275 2625 cedunt,
296 2574 469 2624 Videtis,
491 2574 627 2630 inquit
647 2577 812 2625 Atossa,
834 2585 993 2630 quanto
1007 2574 1050 2615 in
1080 2574 1311 2616 discrimine
1332 2591 1566 2619 versemur:

105 2658 200 2684 nam
226 2643 258 2683 si
284 2658 328 2683 re
354 2642 458 2682 bene
486 2652 602 2697 gesta
628 2641 738 2682 filius
764 2656 881 2682 meus
907 2641 1089 2690 redierit,
1113 2642 1272 2683 civibus
1305 2643 1568 2686 admirationi

105 2711 208 2758 erit;
242 2710 275 2750 si
305 2709 410 2751 male
439 2720 570 2764 gesta,
602 2708 799 2750 rationem
832 2709 987 2750 civitati
1015 2724 1098 2749 non
1127 2710 1284 2760 reddet,
1317 2711 1388 2751 sed
1417 2711 1568 2763 salvus,

105 2789 154 2820 ut
179 2777 332 2826 adbuc,
359 2787 479 2818 terrae
508 2776 635 2832 hujus
660 2776 879 2832 imperium
909 2786 1020 2817 tenet
1054 2777 1266 2830 (tenebit),
1297 2777 1339 2819 id
1366 2789 1439 2829 est,
1467 2780 1570 2822 nihil

105 2844 339 2887 detrimenti
367 2844 512 2900 capiet.
573 2844 695 2894 Quod
727 2845 849 2898 plane
878 2844 1128 2884 contrarium
1163 2856 1225 2885 est
1255 2854 1382 2901 atque
1409 2846 1491 2888 diei
1515 2849 1569 2890 ab

105 2913 259 2953 Atossa
279 2911 439 2962 debuit,
461 2912 581 2968 cujus
611 2911 716 2952 hanc
745 2911 884 2967 potius
914 2921 1093 2952 mentem
1124 2927 1210 2952 esse
1240 2924 1427 2968 apparet,
1447 2921 1569 2960 κακῶς

104 2981 148 3021 δὲ
175 2979 325 3033 πράξας
353 2979 429 3033 οὐχ
454 2980 669 3023 ὑπεύθυνος
696 2980 770 3030 μὲν
799 2979 913 3020 ἔσται
953 2982 1000 3035 τῇ
1026 2980 1156 3039 πόλει,
1191 2982 1330 3025 σωθεὶς
1360 2981 1392 3023 δ’
1425 2984 1568 3037 ἀτίμως
