1898 3256
330 255 421 296 AD
453 253 708 296 SEPTEM
741 252 1074 295 ADVERSUS
1107 254 1380 295 THEBAS.
1511 255 1596 297 157

129 378 226 422 971.
278 367 330 408 In
353 365 632 408 Nicaeensium
658 380 832 407 nummo
849 364 1033 422 quodam
1063 363 1303 405 inscribitur
1322 367 1598 407 AI’OPAIOT

131 435 265 477 AIOC
287 434 402 491 apud
423 433 632 476 Harduin.
655 448 698 490 p.
718 434 819 488 346.
839 447 964 489 quem
986 431 1094 473 vide.
1128 432 1363 473 BLOMF.

190 513 284 559 273.
309 506 454 556 πηγαῖς
470 502 651 543 Α.Β.Μ.
674 500 828 557 aliique
848 510 890 542 et
910 501 1049 542 Turn.
1084 501 1212 553 πηγῆς
1231 499 1391 556 aliquot
1412 498 1534 542 codd.
1555 509 1598 541 et

132 570 234 612 Ald.
259 569 369 611 Rob.

189 638 269 680 οὐδ’
300 636 386 694 ἀπ’]
420 636 566 678 Lectio
598 636 752 694 inepta,
785 636 827 678 in
859 652 944 693 qua
978 635 1223 693 explicanda
1252 635 1410 677 frustra
1436 635 1597 678 laborat

132 705 361 748 scholiasta.
412 703 717 760 Corrigendum
739 719 835 746 cum
859 705 911 745 L.
928 703 1151 745 Dindorfio
1170 705 1291 745 ὕδασί
1306 702 1351 744 τ’.

193 785 290 828 274.
322 774 364 815 εὖ
395 772 680 827 ξυντυχόντων]
716 772 1000 826 ξυντυγχάνειν
1033 770 1282 828 plerumque
1323 773 1375 813 de
1412 771 1598 828 personis

132 841 378 884 adhibetur:
424 840 628 881 rarissime
666 839 719 881 de
757 855 816 889 re,
850 848 898 881 ut
931 839 973 880 in
1013 839 1206 895 Sophocl.
1248 839 1370 895 Ajac.
1406 853 1453 895 3¹
1464 852 1505 894 3.
1550 840 1595 880 τὸ

134 908 331 963 συντυχὸν
349 908 486 951 πάθος.
510 906 700 949 Subaudi
720 906 851 963 igitur
871 907 1012 955 αὐτῶν,
1035 906 1118 948 scil.
1140 910 1252 948 θεῶν.
1284 908 1518 949 BLOMF.

192 976 429 1030 274—278.
462 976 505 1017 εὖ
536 976 809 1029 ξυντυχόντων
844 975 908 1016 καὶ
937 976 1092 1018 πόλεως
1124 975 1393 1027 σεσωσμένης,
1422 974 1428 1031 Ι
1453 975 1596 1027 μήλοι-

135 1061 200 1086 σιν
219 1043 488 1096 αἱμάσσοντας
508 1044 641 1087 ἑστίας
662 1046 775 1091 θεῶν,
804 1041 810 1099 Ι
836 1046 1190 1096 ταυροκτονοῦντας
1210 1046 1375 1093 θεοῖσιν,
1396 1042 1460 1084 ὧδ’
1484 1044 1597 1085 ἐπεύ-

133 1129 254 1166 χομαι
279 1110 286 1168 Ι
312 1111 450 1163 θήσειν
488 1114 669 1163 τροπαῖα,
706 1110 908 1161 πολεμίων
949 1108 980 1149 δ’
1016 1109 1230 1161 ἐσθήματα,
1259 1108 1266 1166 Ι
1291 1109 1453 1162 λάφυρα
1492 1108 1598 1165 δᾴων

134 1178 387 1233 δουρίπληχθ’
410 1181 547 1232 ἁγνοῖς
567 1176 731 1233 δόμοις]
764 1177 906 1218 Locus
934 1176 1186 1231 ineptissime
1214 1177 1504 1233 interpolatus,
1527 1193 1598 1219 cu-

127 1246 201 1302 jus
221 1262 357 1288 veram
379 1246 624 1302 scripturam
655 1260 708 1286 ne
736 1244 922 1285 divinare
941 1244 1110 1300 quidem
1131 1244 1284 1295 liceret,
1306 1245 1383 1286 nisi
1412 1246 1598 1303 antiquae

134 1312 319 1354 lectionis
349 1312 569 1368 vestigium
606 1321 834 1353 servassent
870 1322 953 1352 tres
983 1311 1144 1353 codices
1178 1314 1377 1365 A.B.M.,
1416 1329 1598 1369 quorum

134 1381 254 1422 B.M.
277 1389 372 1437 post
392 1382 527 1434 ἆγνοῖς
546 1380 679 1432 δόμοις
698 1394 863 1420 versum
893 1378 1057 1421 addunt
1087 1380 1118 1421 si
1140 1396 1266 1436 quem
1296 1381 1421 1423 alium
1453 1383 1599 1438 genui-

133 1463 236 1489 num
271 1448 411 1502 στέψω
446 1448 521 1501 πρὸ
557 1451 662 1489 ναῶν
696 1449 897 1499 πολεμίων
933 1447 1150 1500 ἐσθήματα,
1187 1451 1245 1490 Α.
1278 1459 1419 1491 autem
1459 1450 1599 1506 priora

133 1525 295 1557 tantum
318 1516 444 1557 verba
457 1515 625 1556 exhibet
647 1516 786 1569 στέψω
807 1516 883 1569 πρὸ
905 1520 1022 1558 ναῶν.
1062 1518 1167 1567 Quae
1188 1517 1241 1558 ab
1262 1517 1479 1559 scholiasta
1494 1534 1599 1574 quo-

134 1600 217 1641 que
244 1584 351 1626 lecta
376 1600 463 1626 esse
494 1583 707 1625 annotatio
733 1584 928 1634 ostendit,
963 1584 1164 1636 ἐσθήματα
1196 1585 1383 1637 ἀναθήσω
1413 1587 1489 1639 πρὸ
1520 1591 1598 1628 τῶν

137 1656 254 1700 ναῶν,
275 1654 325 1693 τὰ
344 1652 517 1706 λάφυρα.
565 1653 636 1692 Ex
658 1651 722 1692 his
741 1652 1006 1693 manifestum
1028 1663 1089 1693 est
1109 1652 1314 1709 scripsisse
1335 1654 1587 1711 AEschylum

365 1721 408 1760 εὖ
430 1719 702 1774 ξυντυχόντων
723 1721 786 1760 καὶ
806 1721 960 1764 πόλεως
981 1721 1249 1773 σεσωσμένης,

364 1786 526 1839 λάφυρα
545 1785 650 1840 δᾴων
669 1788 892 1841 δουρίπηχθ’
913 1790 1049 1841 ἁγνοῖς
1070 1790 1201 1840 δόμοις

366 1854 505 1907 στέψω
526 1854 601 1907 πρὸ
624 1858 741 1902 ναῶν,
763 1856 966 1906 πολεμίων
987 1855 1200 1907 ἐσθήματα.

365 1920 506 1962 τοιαῦτ’
531 1923 699 1976 ἐπεύχου
718 1923 771 1974 μὴ
792 1922 1043 1975 φιλοστόνως
1063 1927 1181 1966 θεοῖς.

138 2011 234 2052 quae
262 1995 316 2036 ab
345 1995 637 2052 interpolatore
664 2013 759 2038 eum
784 1998 825 2038 in
858 1999 1042 2049 modum,
1068 2015 1191 2055 quem
1224 1999 1317 2041 libri
1346 2003 1506 2058 vulgati
1535 2019 1597 2044 se-

138 2073 342 2119 quuntur,
362 2074 458 2105 sunt
478 2064 659 2106 dilatata.
711 2067 906 2107 Ceterum
938 2067 1135 2108 laudandi
1156 2068 1257 2109 mihi
1288 2079 1384 2110 sunt
1405 2070 1478 2125 qui
1499 2086 1598 2127 par-

141 2142 220 2172 tem
252 2141 362 2172 certe
391 2132 474 2173 veri
504 2132 696 2174 viderunt
723 2133 998 2175 Blomfieldus
1027 2146 1067 2176 et
1097 2136 1290 2185 Bothius‚
1321 2153 1501 2193 quorum
1531 2138 1600 2179 ille

141 2200 206 2239 vel
232 2198 357 2240 deleri
382 2215 544 2241 versum
574 2200 705 2242 voluit
731 2202 919 2253 μήλοισιν
947 2202 1216 2254 αἱμάσσοντας
1246 2206 1380 2248 ἑστίας
1411 2209 1512 2247 θεῶν
1536 2205 1600 2248 vel

141 2276 301 2308 servato
315 2268 552 2324 proximum
584 2272 736 2310 θεοῖσιν
766 2269 806 2310 in
837 2273 961 2311 πᾶσιν
988 2271 1155 2320 mutari,
1178 2287 1255 2327 pro
1276 2272 1414 2323 θήσειν
1433 2278 1602 2325 τροπαῖα

140 2337 340 2386 πολεμίων
359 2335 391 2376 δ’
410 2335 612 2388 ἐσθήματα
631 2346 768 2377 autem
791 2337 911 2378 scribi
930 2337 1060 2379 voluit
1076 2339 1246 2392 στέψειν
1264 2340 1340 2392 πρὸ
1362 2345 1466 2381 ναῶν
1481 2347 1601 2382 πολε-

140 2400 239 2451 μίων
259 2400 482 2452 ἐσθήματαε
517 2401 695 2442 Bothius
716 2417 814 2443 vero
833 2402 939 2443 hanc
969 2404 1096 2445 totius
1125 2404 1202 2446 loci
1233 2406 1478 2462 scripturam
1500 2423 1599 2464 pro-

141 2466 294 2523 posuit,
325 2469 368 2508 εὖ
399 2466 670 2522 ξυντυχόντων
705 2470 768 2510 καὶ
801 2469 956 2514 πόλεως
986 2473 1257 2525 σεσωσμένης,
1284 2474 1293 2528 Ι
1317 2474 1505 2525 μήλοισιν
1540 2477 1599 2516 αἱ,

141 2533 371 2585 μάσσοντας
399 2537 531 2578 ἑστίας
566 2539 680 2586 θεῶν,
707 2538 715 2591 Ι
740 2539 1093 2590 ταυροκτονοῦντός
1123 2539 1173 2590 θ’,
1202 2542 1307 2582 οἶσιν
1339 2542 1406 2582 ὧδ’
1438 2544 1603 2596 ἐπεύχο-

141 2618 225 2652 μαι,
253 2599 259 2656 Ι
285 2601 446 2654 λάφυρα
475 2602 580 2657 δᾴων
611 2605 862 2659 δουρίπληχθ’
891 2608 1027 2659 ἁγνοῖς
1058 2606 1189 2659 δόμοις
1214 2608 1220 2664 Ι
1247 2609 1386 2662 στέψω
1418 2611 1602 2662 προνάων

142 2669 342 2719 πολεμίων
361 2669 573 2721 ἐσθήματα.

202 2746 295 2789 277.
329 2737 515 2793 τροπαῖα]
547 2737 715 2791 τρόπαια
743 2739 849 2781 libri.
901 2741 1024 2790 Quod
1056 2741 1157 2782 nihil
1188 2757 1342 2785 caussae
1365 2755 1427 2786 est
1455 2760 1530 2786 cur
1558 2744 1602 2786 in

142 2817 262 2843 versu
283 2818 424 2859 spurio
443 2814 640 2846 mutetur.

202 2874 424 2931 ἐσθήματα]
450 2869 647 2928 ἐσθήμασῖ
668 2879 733 2919 M.

166 2969 170 2971 -
202 2941 298 2995 278.
319 2940 445 2997 δᾴων]
469 2941 588 2984 δαΐων
608 2942 714 2984 libri.

201 3009 451 3063 δουρίπληχθ’
488 3011 670 3052 Α.Β.Μ.
721 3014 983 3065 δουρίπληκτα
1020 3017 1069 3058 F.
1122 3020 1351 3074 δορίπληχθ’
1386 3023 1438 3064 L.
1491 3025 1602 3076 δορύ-
