1898 3256
547 238 636 278 AD
670 235 1149 278 PROMETHEUM.
1531 236 1586 279 49

175 349 426 403 ἐξελυσάμην
463 351 530 391 M.
562 348 715 405 aliique
754 347 942 389 nonnulli
977 363 1071 389 cum
1109 347 1220 389 Rob.
1255 346 1398 403 Steph.
1448 346 1588 403 Vulgo

116 417 360 471 ἑξερυσάμην
380 432 474 458 cum
498 417 599 458 Ald.
624 418 763 458 Turn.
807 415 932 467 Quod
954 414 1222 468 ἐξερρυσάμην
1242 413 1465 455 dicendum
1486 413 1587 455 fuis-

116 496 187 526 set.
250 486 334 525 Per
353 484 610 537 ἠλευθέρωσα
628 499 723 540 exp.
746 482 973 525 scholiasta.

176 564 274 618 236.
295 564 382 618 τοῦ]
406 564 451 604 τὸ
473 564 540 604 Μ.

175 676 272 720 237.
294 663 376 720 τοι]
396 639 481 708 τῖἳς
502 666 569 706 Μ.

175 756 271 796 240.
303 745 412 785 ἀλλὰ
443 743 611 800 νηλεῶς]
643 743 762 785 Libri
793 742 885 785 ἀλλ’
915 743 1106 793 ἀνηλεῶς.
1169 741 1446 782 Scribendum
1478 740 1588 782 ἀλλὰ

116 814 280 860 νηλεῶς.
342 812 411 852 Ita
446 813 600 853 Noster
636 811 828 868 Choeph.
862 824 958 863 240.
999 810 1080 851 Καὶ
1114 812 1180 861 τῆς
1214 810 1400 861 τυθείσης
1437 811 1588 860 νηλεῶς

114 881 354 932 ὁμοσπόρου.
408 879 541 921 Simili
572 879 673 921 vitio
702 879 893 920 laborant
922 877 1017 919 libri
1051 877 1209 933 vulgati
1240 877 1281 917 in
1308 878 1463 932 Agam.
1491 889 1588 931 133.

115 946 186 987 ubi
215 962 294 1003 pro
312 948 415 1000 μοῖρ’
437 946 634 999 ἀλαπάξει
663 947 833 1003 legerim
864 951 983 999 μοῖρα
1011 943 1193 997 λαπάξει.
1257 944 1340 985 Sed
1369 943 1508 984 nescio
1534 958 1586 984 an

112 1029 191 1071 pro
212 1019 360 1066 νηλεῶς
380 1014 642 1056 scribendum
666 1014 817 1067 νηλέως
838 1023 1015 1055 retracto
1035 1022 1223 1054 accentu.
1266 1011 1422 1053 Ionicae
1441 1012 1588 1052 formae

114 1092 211 1123 sunt
232 1082 418 1133 ἐλεεινὸς,
446 1082 638 1134 ε’λεήμων,
672 1083 828 1133 νηλεῆς,
861 1081 1019 1122 Atticae
1052 1080 1219 1130 ἐλεινὸς,
1253 1079 1426 1132 ἐλήμων,
1455 1078 1586 1131 νηλής.

115 1150 268 1191 Noster
288 1165 415 1206 supra
433 1162 506 1202 42.
528 1149 619 1192 Ἀεί
635 1167 683 1204 γε
704 1149 750 1201 δὴ
772 1149 894 1202 νηλὴς
915 1149 966 1190 σὺ
987 1149 1050 1190 καὶ
1066 1147 1239 1201 θράσους
1257 1147 1403 1191 πλέως.
1434 1146 1587 1201 Eurip.

115 1216 233 1272 Cycl.
254 1219 354 1272 368.
379 1217 519 1270 Νηλῆς
538 1219 559 1258 ὁ
580 1215 753 1269 τλάμων.
805 1217 940 1273 Apud
964 1216 1094 1272 Soph.
1117 1214 1224 1256 OEd.
1247 1215 1355 1270 Tyr.
1379 1217 1472 1255 180.
1494 1213 1587 1269 plu—

114 1283 198 1325 rale
229 1285 354 1337 νηλέα
383 1285 577 1341 dactylus
605 1294 681 1326 est.
732 1283 872 1340 Vulgo
891 1283 1063 1340 quidem
1091 1282 1247 1338 legitur
1271 1282 1385 1338 apud
1406 1281 1586 1323 eundem

115 1354 220 1394 Ant.
247 1364 367 1408 1197.
397 1354 547 1395 Πεδίον
578 1351 637 1394 ἐπ’
659 1353 793 1405 ἄκρον,
817 1350 897 1393 ἔνθ’
921 1351 1048 1392 ἔκειτο
1080 1351 1219 1402 νηλεὲς
1249 1347 1588 1402 Κυνοσπάρακτον

115 1423 229 1472 σῶμα
249 1421 517 1464 Πολυνείκους
537 1419 604 1461 ἔτι.
659 1419 740 1460 Sed
761 1418 948 1475 suspicor
967 1418 1170 1474 tragicum
1193 1416 1400 1473 scripsisse
1422 1416 1584 1467 νηλέως.

116 1488 267 1528 ELM.
329 1489 427 1528 Non
449 1498 510 1529 est
531 1486 746 1543 probabile
766 1486 934 1527 Atticos
955 1485 1105 1538 νηλέως
1124 1483 1291 1525 dixisse.

175 1578 271 1619 241.
291 1567 342 1607 In
364 1566 523 1622 aliquot
543 1565 663 1608 codd.
687 1580 849 1608 comma
869 1580 951 1606 non
979 1573 1073 1621 post
1096 1564 1368 1616 ἐρρύθμισμαι,
1391 1562 1461 1604 sed
1492 1573 1586 1620 post

117 1634 214 1685 Ζηνὶ
235 1633 426 1690 positum.

173 1723 267 1763 242.
290 1713 482 1754 Eustath.
504 1712 556 1753 ad
579 1711 663 1753 Od.
679 1715 731 1753 Ψ.
754 1726 794 1767 p.
814 1724 939 1765 1940,
953 1722 1025 1765 57.
1059 1708 1269 1751 Pindarus
1288 1708 1402 1764 apud
1424 1708 1582 1750 Athen.

121 1791 182 1833 13.
214 1793 258 1835 p.
281 1780 379 1821 601.
400 1778 481 1822 ΔΟς
499 1780 552 1831 μὴ
572 1780 682 1834 ’πόθῳ
705 1780 944 1830 κυμαίνεται,
968 1779 1010 1829 ἐξ
1030 1777 1252 1828 ἀδάμαντος
1269 1776 1315 1827 ἠὲ
1336 1774 1498 1829 σιδάρου
1521 1793 1583 1818 κε-

116 1845 331 1900 χάλκευται
350 1848 547 1898 μελαίναν
568 1849 730 1900 καρδίαν
749 1846 888 1900 ψυχρᾷ
910 1845 1050 1899 φλογί.
1111 1843 1320 1885 Stanleius
1347 1852 1445 1899 apte
1469 1858 1583 1884 com-

116 1923 236 1969 parat
257 1913 476 1954 Heliodor.
502 1927 567 1966 14.
597 1915 668 1957 Τίς
695 1915 815 1956 οὕτως
836 1911 1098 1965 ἀδαμάντινος
1127 1910 1151 1964 ἢ
1183 1914 1365 1964 σιδηροῦς
1393 1911 1464 1962 τὴν
1492 1928 1583 1964 καρ-

118 1982 221 2032 δίαν,
238 1982 290 2024 ὡς
308 1981 361 2033 μὴ
382 1980 599 2034 θέλγεσθαι
616 1983 679 2022 καὶ
696 1983 750 2025 εἷς
765 1981 946 2022 ε’νιαυτόν
962 1982 1114 2022 ἀκούων
1130 1999 1139 2028 ;
1169 1979 1366 2021 Proxime
1379 1979 1585 2020 Moschus

116 2062 158 2101 4.
178 2061 250 2100 44.
281 2047 426 2101 πέτρας
455 2047 515 2102 ὅγ’
548 2048 634 2103 ἔχει
663 2050 759 2089 νόον
785 2049 832 2100 ἠὲ
860 2046 1021 2101 σιδάρου
1053 2048 1256 2101 Καρτερὸν
1283 2049 1328 2088 ἐν
1348 2045 1582 2089 στάθεσσιν.

117 2115 267 2172 Eurip.
290 2116 410 2158 Med.
432 2118 555 2170 1276.
573 2115 740 2164 τάλαιν’,
763 2117 814 2159 ὡς
835 2115 892 2169 ἄρ’
909 2115 1016 2167 ἦσθα
1035 2114 1188 2169 πέτρος,
1210 2113 1233 2166 ἢ
1255 2116 1426 2167 σίδαρος.
1459 2113 1581 2155 Ovid.

118 2185 264 2224 Amor.
286 2197 329 2239 3,
350 2185 394 2234 6,
415 2197 483 2240 59.
509 2185 587 2226 Ille
605 2185 783 2226 habetet
811 2184 947 2225 silices
977 2190 1016 2225 et
1039 2185 1184 2225 vivum
1207 2189 1375 2240 pectore
1385 2184 1581 2238 ferrum,

121 2251 205 2298 Qui
234 2256 375 2292 tenero
403 2251 614 2308 lacrymas
642 2252 779 2293 lentus
804 2252 852 2292 in
875 2265 946 2292 ore
973 2251 1098 2292 videt.
1142 2249 1343 2292 Tibullus
1375 2265 1413 2300 1,
1445 2263 1483 2300 1,
1513 2251 1582 2304 63.

120 2318 287 2364 nebim
318 2333 402 2359 non
437 2325 512 2360 tua
544 2325 646 2360 sunt
678 2319 787 2360 duro
812 2319 1059 2375 praecordz'a
1078 2320 1204 2373 ferro
1241 2320 1400 2366 Vincta,
1431 2331 1505 2358 nec
1535 2319 1583 2358 in

119 2391 258 2426 tenero
276 2391 362 2427 Stat
381 2387 456 2427 tibi
476 2387 596 2428 corde
614 2387 731 2428 silex.
792 2386 1117 2428 Adumbrantur
1143 2401 1196 2427 ex
1225 2385 1452 2427 Homerico
1472 2384 1581 2436 σιδή-

118 2452 227 2503 ρειόν
248 2452 295 2493 νύ
314 2469 374 2493 τοι
393 2452 502 2506 ἦτορ,
530 2452 582 2494 ΙΙ.
599 2456 653 2502 Ω,
671 2465 767 2509 205.
791 2455 1042 2507 σιδηρόφρων
1060 2453 1237 2494 occurrit
1261 2454 1374 2509 Sept.
1391 2468 1428 2493 c.
1443 2451 1581 2493 Theb.

120 2530 190 2573 53.
223 2519 457 2560 BLOMF.

180 2597 276 2640 243.
299 2585 557 2644 ξυνασχαλᾷ]
582 2591 821 2642 συνασχαλᾷ
841 2588 949 2629 libri.

180 2664 277 2707 245.
308 2653 531 2711 ἠλγύνθην]
568 2656 770 2708 ἀλγύνθην
805 2656 872 2696 Μ.
906 2665 947 2697 et
978 2654 1079 2696 Ald.
1117 2654 1228 2694 Rob.
1263 2654 1398 2694 Turn.
1437 2652 1583 2709 Steph.

123 2720 366 2761 correctum
388 2736 439 2762 ex
459 2722 581 2764 codd.
603 2722 758 2764 multis.
791 2723 921 2764 Pauci
941 2722 1131 2775 ἠλγήθην.
1161 2720 1365 2774 ἠλγήνθην
1386 2720 1505 2776 Lips.
1529 2721 1583 2762 E.

181 2789 276 2840 246.
299 2788 471 2845 ἐλεινὸς]
496 2790 670 2833 ἐλεεινός
696 2790 801 2831 libri.
864 2792 932 2831 Ex
966 2788 1141 2830 Porsoni
1161 2787 1446 2830 observatione
1474 2803 1583 2844 prae-

122 2854 196 2896 fat.
217 2855 269 2897 ad
292 2855 444 2912 Eurip.
468 2856 634 2898 Hecub.
656 2872 698 2913 p.
716 2857 783 2897 vii.
806 2857 983 2898 correxit
1005 2855 1288 2897 Blomfieldus.

181 2924 360 2977 εἰσορᾶν]
387 2925 442 2966 εἷς
462 2925 558 2976 ὁρᾶν
581 2925 647 2965 Μ.

843 3006 869 3031 G
