1898 3256
311 225 395 266 184
783 226 1278 269 ANNOTATIONES

366 346 464 392 542.
493 339 662 391 γόμφοις
691 338 834 393 ἐνώμα]
856 340 1045 391 γόμφοισι
1073 340 1180 392 νωμᾷ
1203 336 1498 378 WakefielduS.
1559 337 1637 378 Sed
1668 337 1743 378 im-

310 403 500 458 perfectis
519 404 701 445 similiter
720 404 852 445 utitur
870 414 991 460 poeta
1010 421 1050 445 v.
1069 418 1148 459 591
1160 435 1169 444 .

367 471 617 525 ἐκκρουστόν]
653 471 896 513 crustatum
930 477 969 512 et
1000 473 1256 527 prominens.
1292 470 1478 526 Angfice,
1509 471 1745 512 Embossed.

313 537 541 578 BLOMF.

366 614 462 658 543.
483 602 595 656 φέρει
616 605 648 645 δ’
669 604 733 657 ὑφ’
756 605 849 660 αὐτῇ
869 608 980 657 φῶτα
994 605 1196 655 Καδμείων
1217 604 1301 658 ἕνα]
1325 604 1391 644 Ita
1412 602 1558 644 scilicet
1577 603 1748 643 adorna-

310 677 398 710 tum
420 680 506 710 erat
534 670 727 725 Sphingis
753 669 930 726 signum,
952 680 998 711 ut
1027 685 1096 710 ore
1125 679 1335 725 arreptum
1365 669 1509 724 pedem
1541 669 1604 709 vel
1635 669 1747 709 aliud

311 736 540 777 membrum
560 736 735 777 hominis
755 736 960 777 mordicus
975 746 1143 788 teneret,
1165 736 1322 792 reliquo
1342 736 1430 791 ejus
1445 751 1613 791 corpore
1633 736 1747 791 pedi-

311 802 389 843 bus
418 803 614 859 subjecto.
647 803 776 843 SCH.
806 802 867 844 ὑπ’
897 804 990 854 αὐτῇ
1019 803 1195 844 Vindob,
1218 803 1302 844 duo
1331 811 1371 843 et
1396 803 1504 843 Rob.
1536 801 1597 843 ὑπ’
1629 802 1748 853 αὐτὴν

313 869 453 910 Guelf.

697 934 707 949 2
737 936 747 951 9
777 934 788 949 ἳ
818 936 829 951 9

311 1003 451 1043 virum
473 1001 574 1056 (scil.
597 1001 788 1042 Thebani
808 1001 906 1042 civis
925 1001 965 1041 in
984 1001 1128 1057 clypeo
1148 1001 1384 1057 imaginem)
1406 1003 1538 1042 multa
1558 1003 1637 1042 tela
1656 1016 1748 1042 con-

294 1071 522 1125 jiciantur.
583 1070 678 1110 Hac
707 1068 906 1110 sententia
934 1068 1034 1108 nihil
1063 1067 1174 1108 aliud
1205 1067 1469 1123 significatur,
1496 1083 1620 1124 quam
1643 1071 1746 1109 Par-

311 1136 588 1192 thenopaeum,
607 1143 750 1192 utpote
771 1135 1005 1177 bellicosum
1027 1135 1158 1176 virum
1187 1145 1227 1176 et
1254 1135 1294 1175 in
1323 1136 1465 1191 praelio
1491 1151 1636 1186 acrem,
1658 1135 1748 1176 nul-

310 1202 398 1243 lum
437 1211 600 1258 tempus
632 1202 911 1250 intermittere,
947 1202 1047 1258 quin
1083 1218 1231 1258 corpus
1263 1202 1453 1258 periculis
1483 1212 1524 1243 et
1556 1203 1748 1259 clypeum

311 1268 487 1310 bostium
511 1268 600 1310 telis
618 1269 808 1324 objiciat3
839 1268 1016 1324 indeque
1034 1269 1076 1310 in
1097 1268 1195 1310 civis
1215 1269 1405 1310 Thebani
1424 1269 1595 1325 effigiem
1617 1263 1749 1311 inulta

311 1336 392 1377 tela
410 1335 566 1392 conjici.
626 1337 733 1377 Haec
753 1350 847 1376 sane
866 1335 1057 1376 facillima
1076 1344 1136 1376 est
1156 1345 1194 1376 et
1217 1335 1509 1392 simplicissima
1529 1336 1747 1377 verborum

310 1402 605 1459 interpretatio,
633 1402 675 1443 in
715 1417 799 1458 qua
836 1401 1002 1456 quidem
1035 1402 1372 1458 acquiescendum
1409 1413 1525 1459 puto,
1560 1403 1635 1444 nisi
1669 1403 1748 1445 hoc

311 1470 432 1511 simul
457 1469 573 1511 innui
595 1469 708 1519 velis,
729 1469 914 1510 consulto
935 1469 1278 1526 Parthenopaeum
1303 1470 1470 1512 Cadmei
1500 1470 1598 1511 civis
1626 1470 1746 1511 etiam

309 1536 528 1592 imaginem
549 1535 695 1592 clypeo
714 1535 932 1586 addidisse,
953 1546 1000 1576 ut
1020 1536 1277 1591 significaret,
1298 1537 1646 1592 quemadmodum
1671 1537 1748 1577 hoc

311 1603 570 1644 simulacrum
602 1601 741 1643 multis
766 1601 944 1643 hostium
972 1602 1060 1643 telis
1087 1612 1268 1658 petatur,
1290 1603 1343 1644 sic
1365 1619 1406 1644 se
1427 1603 1560 1659 ipsum
1581 1618 1748 1658 quoque

310 1670 462 1712 multos
482 1669 704 1710 Thebanos
724 1668 968 1710 occisurum.
1012 1669 1094 1710 Sed
1114 1669 1345 1711 reconditus
1364 1670 1430 1711 hic
1450 1679 1511 1711 est
1529 1670 1746 1710 verborum
1766 1666 1769 1668 μ

312 1753 466 1787 sensus,
486 1752 571 1793 quo
595 1736 714 1777 facile
742 1751 878 1777 carere
907 1752 1134 1793 possumus.
1195 1737 1375 1788 Etenim,
1396 1737 1429 1778 si
1454 1737 1618 1793 cogiteS,
1639 1752 1744 1777 nun-

311 1807 413 1848 tium
447 1805 642 1847 continuo
681 1805 865 1861 sequenti
899 1820 1019 1846 versu
1057 1805 1109 1846 ad
1143 1805 1424 1846 fortitudinem
1461 1804 1747 1860 Parthenopaei

311 1872 618 1914 describendam
639 1872 830 1913 transire:

482 1955 609 1996 ἐλθὼν
629 1955 659 1996 δ’
682 1955 808 1996 ἔοικεν
827 1955 872 1996 οὗ
894 1956 1154 2007 καπηλεύσειν
1172 1955 1315 2009 μάχην,

312 2039 412 2080 nihil
431 2038 542 2080 aliud
563 2037 742 2079 indicare
761 2037 924 2078 videtur
943 2037 1035 2087 ista,
1057 2053 1150 2093 quae
1170 2037 1377 2093 praecedit,
1398 2036 1640 2086 observatio,

689 2119 821 2137 ’'7'

311 2219 435 2261 quam
459 2203 591 2244 multa
615 2203 657 2243 in
684 2202 873 2259 clypeum
896 2202 1198 2257 Parthenopaei,
1219 2202 1403 2256 adeoque
1422 2201 1464 2241 in
1484 2201 1612 2255 ipsam
1635 2201 1743 2242 Cad-

311 2271 391 2312 mei
410 2270 508 2312 civis
527 2269 700 2325 effigiem
727 2268 809 2310 tela
835 2268 994 2324 conjici,
1016 2268 1127 2324 quod
1156 2268 1243 2309 fieri
1275 2283 1354 2309 non
1382 2277 1530 2323 posset,
1547 2267 1623 2307 nisi
1644 2269 1745 2308 Par-

312 2339 552 2394 thenopaeus
585 2337 745 2378 fortiter
777 2344 994 2392 pugnaret,
1025 2335 1299 2391 clypeumque
1327 2343 1528 2390 perpetuo
1561 2334 1747 2375 hostibus

311 2405 554 2446 obverteret.
587 2404 758 2459 (Itaque
778 2403 833 2444 sic
854 2404 1064 2444 Homerus
1085 2401 1205 2442 Iliad.
1222 2404 1268 2442 A.
1286 2414 1369 2455 570
1390 2415 1493 2456 sqq.‚
1515 2400 1584 2441 ubi
1606 2401 1747 2456 Ajacis

311 2471 593 2513 fortitudinem
627 2469 838 2527 praedicat,
869 2469 999 2510 multa
1030 2468 1207 2509 hostium
1237 2467 1376 2523 jacula
1409 2467 1555 2522 partim
1587 2467 1627 2508 in
1658 2469 1747 2523 ejus

311 2539 470 2595 clypeo,
489 2537 638 2595 partlm
658 2537 763 2578 circa
788 2551 881 2577 eum
908 2536 949 2576 in
981 2545 1088 2576 terra
1117 2535 1251 2575 defixa
1280 2549 1365 2574 esse
1395 2535 1560 2586 narrat.)
1623 2534 1743 2575 Scho-

311 2606 445 2647 liastes
464 2614 638 2660 uterque
658 2603 782 2644 verba
801 2602 855 2644 sic
874 2601 1096 2643 intellexit:
1128 2602 1256 2642 civem
1282 2601 1524 2641 Thebanum
1544 2602 1590 2640 z'n
1609 2601 1746 2656 clypeo

311 2685 396 2720 tam
426 2679 571 2719 misere
598 2691 626 2717 α
657 2676 847 2732 Sphinge
874 2675 1096 2715 laceratum
1127 2687 1225 2722 esse,
1252 2674 1372 2728 quasi
1401 2673 1540 2713 multis
1569 2672 1743 2712 hostium

312 2747 402 2787 telis
420 2743 804 2798 laceratu-Sfuz'sset.
836 2742 889 2782 Id
910 2748 1046 2782 autem
1069 2740 1182 2781 nullo
1201 2747 1321 2795 pacto
1340 2754 1363 2780 e
1382 2739 1598 2780 verborum
1619 2748 1746 2779 struc-

312 2822 406 2853 tura
425 2810 527 2852 effici
548 2818 696 2867 potest.
730 2809 862 2849 SCH.

366 2892 463 2933 545.
494 2878 539 2919 οὖ
560 2876 818 2928 καπηλεύσειν
836 2874 982 2929 μάχην]
1004 2875 1236 2925 καπηλεύειν
1258 2872 1421 2928 proprie
1447 2880 1523 2922 est,
1545 2877 1584 2912 to
1608 2872 1744 2912 retail.

313 2945 490 3001 Anglice
504 2943 670 2986 veterim
693 2942 803 2983 hunc
818 2941 969 2992 locum,
986 2942 1058 2982 He
1073 2940 1279 2996 willfight
1292 2940 1345 2995 by
1360 2939 1591 2985 wholesal63
1622 2952 1744 2993 quem
