1898 3256
566 201 656 242 AD
688 196 1169 240 PROMETHEUM.
1551 198 1607 237 45

136 313 351 368 Ἀχιλλεὺς
377 313 546 368 Ἀγριον
587 315 632 355 ἐν
666 311 860 363 στήθεσσι
896 310 987 352 θέτο
1022 310 1278 364 μεγαλήτορα
1313 311 1450 361 θυμόν.
1512 311 1609 351 Mo-

139 381 263 423 nendi
285 391 383 423 sunt
403 381 556 422 tirones
577 380 638 421 ἆεὶ
660 394 740 420 non
761 393 855 420 cum
876 393 974 419 voce
1005 376 1182 430 θέμενος,
1205 377 1275 418 sed
1298 392 1394 418 cum
1417 377 1611 429 δάμναται

137 448 384 505 capiendum
406 464 504 490 esse.
538 447 769 489 BLOMF.

202 518 294 568 164.
329 517 479 557 Versus
514 515 643 572 vulgo
682 514 738 555 sic
777 513 896 555 divisi
936 513 1199 565 δάμναται-
1225 511 1231 568 Ι
1258 513 1419 554 οὐδὲ-
1446 513 1453 567 Ι
1478 511 1502 564 ἢ
1536 530 1609 554 πα-

137 583 446 639 λάμᾳ-ἆρχάν.

140 680 141 683 =
196 652 384 705 οὐρανίαν
413 649 563 705 γένναν
591 649 644 691 de
673 649 867 691 omnibus
896 648 976 690 diis
1002 647 1239 690 coelestibus
1273 648 1607 705 intelligendum.

139 720 274 762 SCH.

201 789 297 843 165.
331 784 836 842 παλάμᾳ-τᾶν-ἆρχάν]
879 784 1000 826 Libri
1039 784 1190 841 partim
1233 785 1303 836 sic,
1344 785 1495 843 partim
1532 804 1608 828 πα-

138 854 576 913 λάμῃ-τῆν-ἆρχήν-

201 926 295 978 167.
317 923 388 978 ἔτ’]
414 921 479 964 ἀπ’
503 923 570 964 Μ.
593 921 674 973 vel,
695 931 743 963 ut
763 921 804 962 in
826 920 906 962 alia
924 920 1142 962 collatione
1163 921 1393 978 proditum,
1415 921 1467 964 ἔτ’
1490 922 1571 964 ἀπ’.

201 992 295 1033 168.
316 989 560 1048 γυιοπέδαις]
584 988 794 1044 γυοπέδαις
817 989 939 1030 Μ.Ε.

203 1072 297 1114 172.
333 1060 399 1100 καί
423 1057 461 1110 μ’
484 1057 587 1114 οὔτι]
611 1059 677 1099 καί
693 1056 730 1110 μ’
753 1058 860 1099 οὔτοι
881 1057 947 1099 Μ.
971 1056 1124 1113 aliique
1150 1058 1339 1100 nonnulli
1369 1074 1465 1100 cum
1494 1059 1607 1101 Rob.

141 1128 267 1169 καίτοι
294 1128 332 1179 μ’
354 1128 437 1168 οὔτι
457 1126 623 1167 duabus
651 1125 897 1167 lectionibus
926 1125 1109 1167 confusis
1129 1126 1232 1167 Ald.
1263 1138 1305 1168 et
1327 1127 1506 1168 Vindob.
1529 1137 1610 1169 ter·

142 1195 237 1236 tius.
298 1194 413 1235 Hinc.
448 1195 573 1235 καίτοι
604 1192 644 1246 μ’
680 1194 726 1234 οὐ
764 1193 1059 1250 interpolatum
1096 1194 1138 1235 in
1177 1194 1357 1236 Vindob.
1396 1195 1531 1251 primo
1569 1205 1611 1237 et

143 1264 281 1304 Tum.
328 1263 435 1303 Vera
457 1261 663 1317 scriptura
675 1276 727 1302 ex
749 1262 888 1302 decem
911 1261 1032 1303 codd.
1050 1277 1161 1304 nunc
1184 1262 1393 1313 restituta,
1410 1278 1486 1305 nec
1507 1265 1612 1305 Por-

140 1331 228 1372 soni
249 1330 486 1387 conjectura
506 1344 612 1385 opus
631 1339 692 1370 est
714 1331 780 1370 καί
797 1328 835 1382 μ’
858 1330 959 1371 οὔτε.

202 1408 438 1454 173—177.
461 1399 569 1439 Haec
589 1397 719 1453 vulgo
737 1397 778 1437 in
799 1407 1001 1453 quattuor
1020 1397 1219 1439 dimetros
1239 1409 1336 1439 sunt
1357 1398 1579 1454 descripta.

200 1479 294 1520 174.
317 1466 500 1520 στερεάς]
524 1464 693 1518 στερράς
715 1459 893 1507 Vindob.
917 1465 1074 1507 tertius.

144 1554 152 1558 >-
202 1536 295 1588 176.
317 1551 361 1575 τε
380 1535 503 1575 τίνειν
525 1534 661 1574 Turn.
710 1532 752 1574 τέ
770 1551 837 1585 μοι
857 1534 981 1574 τίνειν
1001 1533 1103 1575 Ald.
1128 1534 1240 1576 Rob.
1263 1536 1331 1576 M.
1353 1535 1507 1592 aliique
1524 1550 1608 1577 non

139 1601 278 1658 pauci,
298 1601 375 1642 nisi
395 1601 507 1657 quod
530 1601 571 1642 in
593 1601 845 1657 quibusdam
867 1600 898 1642 τ’
923 1602 1008 1654 ἐμοὶ
1028 1603 1162 1643 τίνειν.

203 1681 296 1723 177.
316 1670 445 1724 τῆσδ’]
469 1672 535 1720 τῆς
555 1670 622 1710 Μ.

202 1749 296 1792 179.
319 1736 532 1792 ἐπιχαλᾷς]
554 1738 764 1791 ὑποχαλᾷς
783 1737 869 1779 duo
889 1738 1011 1779 codd.

203 1807 295 1847 181.
318 1803 474 1858 ἐρέθισε
494 1804 580 1845 sola
601 1805 793 1846 Turnebi
814 1806 962 1847 editio:
996 1806 1109 1863 quod
1132 1807 1366 1849 accuratius
1387 1807 1610 1864 respondet

140 1873 276 1915 versui
294 1872 503 1929 strophico
522 1887 648 1927 quam
672 1873 784 1928 quod
807 1874 847 1915 in
872 1874 985 1914 libris
1006 1884 1066 1915 est
1087 1874 1260 1927 ἠρέθισε.

204 1945 299 1982 182.
322 1942 418 1996 γὰρ]
442 1939 716 1982 Scribendum
740 1941 770 1982 δ’
792 1958 887 1983 cum
911 1944 1112 1984 Porsono.

200 2014 289 2053 σαῖς
304 2009 459 2063 τύχαις]
485 2008 613 2049 Pauci
635 2008 755 2050 codd.
779 2011 855 2053 σὰς
875 2011 1008 2064 τύχας.

205 2079 298 2133 183.
330 2081 386 2119 πᾶ
407 2078 543 2118 Turn.
569 2077 715 2133 Steph.
759 2079 840 2120 ὅπα
860 2079 928 2119 Μ.
945 2088 986 2119 et
1005 2089 1100 2120 octo
1120 2077 1204 2119 alii.
1266 2078 1395 2121 Pauci
1417 2081 1494 2132 ὅπη
1514 2095 1610 2121 cum

141 2146 246 2188 Ald.
267 2146 330 2188 vel
352 2147 443 2188 ὅποι
461 2161 555 2187 cuin
579 2145 690 2186 Rob.

204 2215 252 2256 18
254 2225 298 2270 5.
320 2212 597 2269 ἀπαράμυθον]
620 2214 666 2254 οὐ
685 2213 917 2267 παράμυθον
938 2214 1005 2255 Μ.
1027 2213 1183 2270 aliique
1203 2214 1392 2256 nonnulli
1412 2225 1453 2256 et
1471 2216 1609 2257 Turn.

204 2283 298 2324 186.
323 2282 470 2336 τραχὺς
496 2280 579 2338 καὶ]
608 2282 756 2336 τραχύς
785 2299 828 2323 τε
860 2283 923 2323 καὶ
954 2282 1098 2339 Steph.
1146 2283 1295 2336 θραχύς
1321 2300 1365 2324 τε
1398 2284 1461 2324 καὶ
1492 2283 1612 2341 Lips.

143 2350 255 2392 Rob.
277 2349 424 2403 θραχὺς
445 2349 508 2390 καὶ
528 2349 668 2390 Turn.
716 2350 864 2402 θρασύς
883 2367 927 2391 τε
947 2351 1012 2392 καὶ
1031 2350 1135 2392 Ald.
1158 2360 1201 2392 et
1221 2350 1346 2393 codd.
1367 2351 1465 2392 duo.

199 2417 288 2471 παρ’
322 2418 446 2473 ἑαυτῷ
465 2417 511 2458 τὸ
533 2417 682 2458 δίκαιον
703 2417 824 2472 ἔχων]
848 2418 1074 2460 Justitiam
1088 2433 1220 2475 penes
1239 2433 1283 2460 se
1308 2418 1476 2460 habens.
1527 2420 1614 2460 Pro

142 2499 219 2526 suo
236 2484 358 2525 libitu
378 2497 579 2539 regnans.
620 2483 771 2539 Eurip.
797 2484 945 2540 Suppl.
967 2498 1068 2540 431.
1092 2490 1228 2539 κρατεῖ
1255 2484 1286 2527 δ’
1310 2486 1379 2535 εἷς,
1399 2486 1469 2527 τὸν
1491 2488 1614 2538 νόμον

145 2549 379 2603 κεκτημένος
398 2550 514 2593 αὐτὸς
532 2549 622 2603 παρ’
637 2552 752 2606 αὐτῷ.
807 2552 922 2594 Sext.
944 2554 1073 2610 Emp.
1095 2553 1192 2594 adv.
1212 2552 1421 2594 Mathem.
1442 2565 1481 2602 2,
1497 2566 1568 2608 31.
1589 2567 1613 2594 a

145 2621 333 2661 Porsono
366 2618 532 2668 citatus,
566 2619 734 2671 μηδενὸς
769 2622 845 2673 γὰρ
878 2622 1181 2664 ἐπιστατοῦντος
1212 2621 1333 2672 νόμον
1366 2620 1535 2663 ἕκαστος
1570 2622 1614 2661 ἐν

142 2688 246 2742 χειρὶ
266 2687 309 2728 τὸ
331 2687 480 2728 δίκαιον
501 2686 598 2740 εἶχε.
630 2687 862 2728 BLOMF.

205 2756 298 2810 187.
332 2756 433 2796 Post
453 2754 578 2806 ἔμπας
596 2753 637 2795 in
660 2753 774 2795 libris
793 2753 984 2796 additum
1008 2757 1090 2804 οἴω,
1113 2754 1226 2811 quod
1250 2754 1319 2795 ὀΐω
1340 2753 1541 2811 scriptum
1571 2755 1614 2796 in

145 2825 213 2864 M.
234 2823 364 2880 idque
384 2822 582 2878 singulari
605 2837 724 2863 versu
756 2821 954 2879 positum.
1011 2824 1099 2863 ‘Per
1121 2822 1394 2874 ὑπολαμβάνω
1415 2823 1616 2880 explicuit

144 2891 374 2934 scholiasta.
408 2890 591 2932 Verbum
613 2900 654 2931 et
674 2890 728 2932 ab
750 2889 989 2931 Atticorum
1012 2905 1087 2932 usu
1106 2889 1285 2932 alienum
1308 2901 1348 2932 et
1371 2902 1501 2933 metro
1523 2907 1615 2948 per-
