1898 3256
706 224 797 265 AD
828 224 1082 266 PERSAS.
1543 224 1625 269 291

160 333 379 386 ἆνόστητον
407 337 540 388 χῶρον
570 335 668 388 ἔβης
702 336 861 390 ἐνέρων.
914 336 1142 393 Eleganter
1173 336 1400 394 Euripides
1433 336 1476 377 in
1512 336 1624 392 frag-

158 411 298 443 mento
326 401 367 442 in
400 402 580 444 Bekkeri
603 405 768 446 Anecd.
789 405 870 446 vol.
897 418 934 446 1.
955 420 996 462 p.
1019 417 1120 460 344.
1143 405 1226 446 θεοὶ
1245 406 1414 459 χθόνιοι,
1438 406 1627 458 Ζοφερᾶν

158 470 347 511 ἆδίαυλον
368 470 528 524 ἔχοντες
558 471 676 525 ἕδραν
695 472 782 524 Τὴν
805 471 1078 526 φθειρομένων
1097 471 1380 526 Ἀχερόντειαν
1399 473 1627 525 Λίμνην.--

157 537 343 582 ἆδίαυλος
366 547 428 580 est
457 538 586 590 locus,
621 540 732 582 unde
765 555 887 582 nemo
918 549 1045 597 queat
1078 538 1234 594 κάμψαι
1265 541 1427 582 διαύλου
1458 538 1625 593 θάτερον

158 609 288 647 κῶλον
305 605 440 648 πάλιν.
473 608 704 650 BLOMF.

215 673 314 728 689.
339 676 436 715 κατὰ
451 676 617 730 χθονὸς]
643 677 894 730 καταχθόνιοι
915 677 1019 718 Ven.
1038 675 1200 733 primus
1219 684 1260 717 et
1281 675 1383 716 Ald.

215 742 312 796 69¹.
348 744 677 800 ἐνδυναστεύσας]
714 745 957 802 Principem
989 747 1101 787 inter
1128 745 1222 785 illos
1255 744 1387 785 locum
1419 745 1623 787 obtinens.

159 810 399 851 “Veterum
431 810 573 868 opinio
601 822 702 864 erat,
733 828 866 869 reges,
896 812 970 869 qui
1004 812 1159 854 virtute
1187 822 1229 854 et
1262 812 1382 854 factis
1408 812 1623 855 excelluis-

156 887 259 928 sent,
291 877 404 935 apud
439 878 592 921 inferos
617 895 767 937 magna
796 880 838 922 in
872 880 1075 937 dignitate
1109 896 1209 932 esse,
1244 879 1550 937 imperiumque
1578 881 1622 922 in

156 955 415 988 mortuorum
437 947 655 990 simulacra
675 964 746 990 seu
774 948 931 990 animas
951 964 1151 990 exercere.
1203 948 1339 1005 Apud
1372 949 1622 1005 Sophoclem

157 1013 228 1054 El.
252 1014 349 1067 841.
382 1015 669 1072 Amphiaraus
687 1017 763 1058 ὑπὸ
784 1018 900 1071 γαίας
918 1015 1137 1071 πάμψυχος
1157 1015 1342 1059 ἀνάσσει.
1384 1018 1558 1074 Ulysses
1578 1017 1622 1059 in

155 1082 330 1139 Necyia,
361 1083 519 1124 Achilli
548 1084 605 1126 ait
636 1100 674 1126 v.
695 1085 795 1137 481.
826 1089 912 1126 σεῖο
940 1084 986 1136 δ’,
1013 1084 1219 1139 Ἀχιλλεῦ,
1252 1086 1371 1129 Οὖτις
1401 1086 1498 1139 ἀνὴρ
1524 1103 1621 1140 προ-

155 1147 320 1203 πάροιθε
339 1149 596 1205 μακάρτατος,
620 1152 698 1194 οὔτ’
721 1151 780 1206 ἄρ’
803 1154 974 1200 ὀπίσσω,
998 1154 1102 1206 Πρὶν
1121 1154 1195 1206 μὲν
1215 1152 1292 1207 γάρ
1322 1170 1372 1195 σε
1399 1154 1499 1203 ζωὸν
1519 1155 1621 1196 ἐτίο-

154 1235 230 1269 μεν
259 1218 330 1259 ἶσα
361 1222 514 1261 θεοῖσιν
546 1218 733 1274 Ἀργεῖοι·
767 1224 838 1262 νῦν
872 1219 903 1261 δ’
942 1221 1035 1262 αὖτε
1067 1220 1172 1275 μέγα
1203 1221 1378 1274 κρατέεις
1411 1223 1622 1264 νεκύεσσιν

155 1284 310 1327 Ἐνθάδ’
343 1286 455 1328 ἐών.”
490 1288 771 1330 BRUchms.
815 1289 934 1330 Vere.
986 1288 1054 1330 Sic
1085 1289 1126 1329 in
1159 1289 1350 1346 Choeph.
1382 1301 1481 1345 354.
1505 1292 1623 1347 Aga-

155 1368 347 1396 memnon
387 1355 539 1397 dicitur
579 1359 676 1398 κατὰ
713 1356 859 1411 χθονὸς
899 1356 1108 1410 ἐμπρέπων
1147 1358 1388 1409 Σεμνότιμος
1427 1357 1619 1412 ἀνάκτωρ,

155 1424 368 1475 Πρόπολός
387 1441 431 1465 τε
450 1427 528 1465 τῶν
546 1425 747 1478 μεγίστων
765 1426 949 1466 Χθονίων
970 1426 1053 1467 ἐκεῖ
1069 1423 1282 1478 τυράννων.
1330 1426 1524 1471 Βασιλεὺς
1543 1429 1621 1481 γὰρ

153 1490 201 1542 ἦς
220 1491 310 1544 ὄφρ’
333 1491 430 1544 ἔζης.
480 1492 630 1549 Eurip.
654 1492 823 1533 Hecub.
839 1505 941 1548 549.
964 1494 1008 1534 ἐν
1030 1497 1205 1546 νεκροῖσι
1220 1495 1297 1546 γὰρ
1320 1494 1457 1546 Δούλη
1479 1498 1619 1547 κεκλῆ-

155 1562 262 1610 σθαι,
297 1561 463 1612 βασιλὶς
495 1560 580 1602 οὒσ’
615 1562 867 1615 αἰσχύνομαι.
927 1561 1017 1602 Nec
1050 1561 1168 1602 aliter
1198 1561 1412 1617 Virgilius,
1450 1576 1550 1603 nam
1584 1569 1623 1604 te

153 1639 227 1666 nec
257 1633 426 1683 sperent
464 1628 656 1669 Tartara
690 1642 843 1684 regem,
876 1628 968 1669 Nec
1003 1629 1077 1669 tibi
1107 1629 1322 1685 regnandi
1358 1630 1500 1670 veniat
1534 1635 1620 1671 tam

153 1694 252 1734 dira
283 1695 447 1751 cupido.
510 1696 635 1737 Hane
669 1695 876 1737 notionem
916 1696 1048 1737 facete
1085 1696 1285 1752 pervertit
1317 1697 1621 1753 Aristophanes

155 1762 263 1802 Ran.
295 1773 392 1818 773.
424 1764 655 1805 BLOMF.
709 1765 752 1805 ἐν
785 1765 1054 1808 δυναστεύσας
1087 1763 1249 1805 divisim
1283 1764 1386 1805 Ald.
1423 1766 1474 1809 ὡς
1506 1769 1620 1808 δυνα-

154 1830 326 1874 στεύσας
347 1832 429 1884 (γρ.
452 1833 783 1886 ἐνδυναστεύσας)
807 1832 857 1874 Β.

212 1898 312 1951 692.
333 1899 432 1953 ἥκω]
457 1916 518 1952 γρ.
539 1899 667 1951 ἦλθον
688 1901 742 1941 Β.

210 1965 362 2020 τάχυνα
392 1966 444 2022 δ’]
478 1967 616 2022 τάχυν’
639 1968 837 2010 Cantabr.
868 1968 1041 2025 primus.
1072 1961 1219 2023 rdxvv‘}
1247 1968 1278 2010 δ’
1302 1970 1368 2010 Μ.
1431 1970 1620 2012 Scriben-

153 2031 254 2074 dum
286 2033 434 2088 τάχυνε
464 2034 495 2077 δ’
527 2051 622 2076 cum
650 2036 826 2078 Kuhnio
851 2036 904 2078 ad
938 2036 1099 2078 Polluc.
1128 2048 1168 2091 7,
1196 2050 1264 2090 24.
1298 2037 1489 2095 Choeph.
1518 2041 1618 2082 660.

152 2102 406 2157 comparavit
428 2103 714 2154 Blomfieldus‚
735 2105 881 2159 τάχυνε
901 2104 947 2153 δ’,
970 2105 1022 2148 ὡς
1042 2106 1106 2147 καὶ
1126 2105 1264 2148 νυκτὸς
1284 2104 1370 2158 ἅρμ’
1393 2108 1604 2160 ἐπείγεται.

211 2170 310 2225 693.
341 2171 383 2212 τί
408 2169 439 2212 δ’
463 2172 567 2226 ἐστὶ]
604 2172 879 2214 Scribendum
910 2173 951 2214 τί
975 2173 1062 2214 ἔστι
1080 2188 1131 2214 ex
1154 2173 1220 2215 M.
1243 2173 1385 2230 Mosq.
1409 2174 1491 2217 Ox.
1514 2175 1617 2217 Ald.

154 2238 265 2279 Rob.

211 2307 438 2362 694—696
447 2327 489 2345 =
500 2318 741 2363 701—702.

211 2375 308 2430 694.
339 2375 382 2416 in
404 2375 511 2417 duos
529 2392 674 2418 versus
703 2375 884 2432 aequales
903 2376 1043 2418 divisit
1064 2376 1168 2418 Ald.
1202 2378 1383 2435 Stropha
1412 2394 1464 2420 ex
1495 2388 1617 2421 tetra-

153 2451 285 2483 metro
307 2443 451 2484 Ionico
470 2452 512 2484 et
532 2459 652 2485 versu
673 2443 922 2500 paroemiaco
940 2443 1178 2500 composita.

210 2512 308 2565 695.
330 2512 445 2553 ἀντία
464 2511 578 2563 λέξαι
598 2511 735 2568 σέθεν]
773 2513 987 2552 Homerus
1008 2511 1090 2553 Od.
1112 2515 1163 2562 O,
1185 2513 1284 2567 376.
1309 2513 1362 2554 ab
1383 2514 1617 2557 Abreschio

151 2589 426 2635 comparatus,
449 2581 563 2621 ἀντία
593 2581 802 2631 δεσποίνης
830 2578 996 2632 φάσθαι.
1049 2581 1226 2621 Comma
1254 2595 1335 2622 non
1366 2591 1459 2638 post
1482 2582 1616 2636 σέθεν,

152 2647 224 2688 sed
245 2658 339 2704 post
357 2648 470 2699 λέξαι
490 2648 630 2704 posuit
652 2646 924 2689 Blomfieldus
944 2646 1196 2689 dubitanter.

209 2716 307 2770 696.
327 2715 416 2768 περὶ
436 2715 595 2772 τάρβει]
618 2719 851 2768 περιταρβεῖ
867 2713 969 2756 Ald.
1001 2715 1091 2767 περὶ
1110 2730 1191 2756 om.
1214 2716 1264 2757 C.
1286 2717 1425 2758 Turn.

209 2785 307 2836 697.
328 2783 472 2837 ἦλθον]
497 2784 575 2835 ἥκω
595 2783 755 2839 aliquot
774 2782 896 2823 codd.

209 2851 305 2906 698.
340 2850 581 2906 μακεστῆρα]
617 2849 889 2891 scribendum
919 2853 1139 2903 μακιστῆρα
1173 2865 1224 2891 ex
1256 2851 1321 2892 M.
1352 2861 1393 2893 et
1423 2852 1612 2896 Parisino

152 2938 248 2965 unu.
292 2916 508 2979 ’ἷῖακιστῆρα
531 2924 666 2967 Viteb.
691 2930 719 2950 “
736 2926 883 2982 Suppl.
903 2927 1004 2978 466.
1034 2925 1184 2978 ἤκουσα
1205 2926 1427 2980 μακιστῆρα
1456 2929 1614 2980 καρδίας
1685 2978 1688 2982 ¹

819 3006 935 3035 002
