1898 3256
682 237 773 278 AD
806 236 1058 278 PERSAS.
1522 232 1608 280 295

197 365 294 406 740.
330 349 578 406 ἐπέσκηψεν]
616 349 891 392 Scribendum
932 348 1171 403 ἀπέσκηψεν
1202 364 1254 391 ex
1286 349 1352 390 M.
1387 359 1430 390 et
1463 347 1609 390 Guelf.

138 419 300 461 Eadem
322 418 449 460 verba
468 427 707 475 permutata
726 417 769 458 in
790 417 906 459 libris
925 416 1145 474 Euripidis
1166 415 1345 473 Hippol.
1366 417 1464 472 438.

197 487 242 529 δέ
259 486 351 543 που]
373 486 404 529 δ’
428 486 554 538 ἔμπας
575 486 687 528 Rob.
708 496 750 527 et
771 484 903 527 Paris.
925 499 1048 526 unus.

201 567 296 610 741.
323 554 623 606 ἐκτελευτήσειν
644 555 711 595 Μ.
732 553 885 610 aliique
906 568 1001 595 cum
1021 552 1165 609 Steph.
1200 553 1480 603 ἐκτελευτῆσαι
1497 552 1611 594 Α.Β.

144 623 284 666 Viteb.
307 623 452 666 Guelf.
475 622 579 664 Ald.
601 622 712 663 Rob.
736 622 873 662 Turn.

201 703 298 745 742.
320 691 436 746 ὅταν]
461 689 515 731 ὅτ’
538 690 588 732 ἂν
610 691 678 731 Μ.

202 760 393 808 Comma,
433 767 530 815 post
557 775 616 802 τις
643 773 670 798 a
698 756 904 799 Turnebo
932 755 1108 811 aliisque
1141 755 1340 812 positum,
1371 765 1466 812 post
1501 754 1616 798 αὐτὸς

143 826 270 868 habet
290 827 347 867 A.
400 825 745 882 Interpunctione
775 834 916 866 carent
939 823 1041 865 Ald.
1065 823 1177 865 Rob.
1230 825 1282 865 In
1304 823 1472 865 duobus
1492 822 1614 864 codd.

143 905 206 938 est
226 896 344 952 αὐτῷ,
366 895 480 952 quod
503 894 648 950 legisse
667 894 836 936 videtur
856 894 1087 936 scholiasta.

201 964 261 1018 χώ
293 963 397 1019 θεὸς]
427 981 493 1017 γρ.
530 962 568 1017 χ’
596 964 620 1015 ἡ
652 966 756 1011 θεὸς,
796 962 920 1016 ἤγουν
947 963 971 1014 ἡ
996 961 1155 1014 Ἐρινύς
1182 962 1233 1003 B.
1286 961 1435 1004 Lectio
1458 961 1616 1018 inepta,

145 1047 272 1088 quam
303 1030 531 1073 scholiastae
552 1046 722 1087 quoque
742 1030 951 1086 cognitam
972 1029 1100 1071 fuisse
1120 1029 1333 1071 annotatio
1362 1030 1453 1087 ejus
1482 1029 1617 1072 docet.

149 1099 381 1141 Sententias
401 1098 551 1140 similes
571 1098 827 1155 comparavit
845 1097 1135 1149 Blomfieldus,
1157 1097 1377 1154 Euripidis
1396 1114 1463 1155 ap.
1483 1098 1617 1140 Clem.

148 1166 275 1209 Alex.
303 1182 343 1223 p.
368 1181 465 1220 741,
486 1181 558 1223 31.
586 1168 639 1223 τῷ
670 1169 747 1220 γὰρ
775 1170 965 1208 πονοῦντι
993 1166 1052 1220 χώ
1084 1166 1174 1210 θεὸς
1203 1166 1489 1218 ξυλλαμβάνει.
1522 1167 1618 1207 Me-

148 1235 296 1277 nandri
317 1251 384 1292 ap.
409 1236 624 1277 Stobaeum
646 1235 760 1276 Flor.
782 1246 820 1289 7.
842 1250 883 1291 p.
903 1246 973 1288 47.
1005 1238 1120 1275 τοῦτο
1148 1235 1383 1288 γιγνώσκων
1403 1235 1463 1275 ὅτι
1492 1235 1619 1286 τόλμῃ

150 1305 279 1359 δικαίᾳ
307 1304 367 1358 χώ
396 1303 486 1347 θεὸς
513 1303 805 1356 ξυλλαμβάνει.
836 1302 1055 1359 Aristoph.
1078 1304 1163 1359 Eq.
1188 1314 1284 1358 230.
1315 1302 1374 1356 χώ
1407 1302 1497 1346 θεὸς
1525 1307 1620 1354 ξυλ-

151 1373 342 1427 λήψεται.

209 1439 466 1496 συνάπτεται]
488 1439 762 1481 Scribendum
785 1438 1023 1491 ξυνάπτεται
1042 1453 1137 1479 cum
1161 1437 1388 1480 Brunckio.

210 1518 307 1565 743.
330 1508 531 1564 εὑρῆσθαι]
557 1507 833 1549 Scribendum
855 1508 1063 1559 ηὑρῆσθαι.

214 1587 310 1631 745.
344 1577 429 1629 ἱρὸν
457 1577 602 1633 Steph.
633 1574 1000 1623 consentientibus,
1024 1585 1070 1615 ut
1092 1573 1271 1624 videtur,
1292 1574 1504 1616 codicibus
1532 1574 1620 1631 ple-

153 1644 293 1701 risque
313 1644 518 1685 omnibus.
559 1643 667 1697 ἱερὸν
688 1642 790 1684 Ald.
813 1642 924 1683 Rob.
948 1643 1086 1683 Turn.
1108 1641 1222 1698 quod
1254 1658 1306 1683 ex
1337 1642 1504 1683 duobus
1534 1653 1624 1684 tan-

155 1721 245 1753 tum
266 1710 479 1753 codicibus
499 1721 560 1752 est
580 1720 840 1752 annotatum.

213 1778 484 1833 δεσμώμασιν]
517 1776 711 1833 Intellige
730 1777 852 1817 funes
871 1776 1125 1826 anchorales,
1147 1787 1189 1818 et
1208 1777 1431 1833 ligamenta
1459 1788 1623 1835 stupea,

157 1846 313 1901 quibus
348 1855 456 1886 rates
490 1844 777 1887 tumultuariae
811 1845 1178 1895 connectebantur,
1215 1861 1392 1901 quarum
1428 1847 1626 1903 conjuga-

157 1913 268 1954 tione
288 1927 394 1969 pons
413 1912 454 1953 in
477 1912 753 1968 Hellesponto
773 1913 909 1954 factus
929 1922 1003 1954 est.
1052 1913 1148 1954 Vid.
1170 1912 1222 1954 ad
1248 1924 1343 1967 722.
1376 1915 1608 1956 BLOMF.

218 1981 314 2034 746.
335 1979 499 2035 ἤλπισε]
521 1980 693 2031 ἤλπισεν
714 1981 780 2021 Μ.
811 1980 951 2032 ἤλπιζε
973 1980 1075 2021 Ald.
1099 1980 1212 2021 Rob.

217 2047 441 2103 Βόσπορον]
474 2046 716 2097 Scholiasta,
736 2046 1048 2099 Ἑλλήσποντον
1078 2050 1142 2089 καὶ
1172 2051 1380 2102 Βόσπορον
1409 2050 1479 2090 τὸν
1507 2050 1628 2091 αὐτὸν

161 2119 279 2156 καλεῖ
295 2115 372 2156 ἀπὸ
393 2117 468 2167 μὲν
480 2114 638 2167 ’Ἕλλης
656 2114 977 2166 Ἑλλήσποντον,
1001 2115 1078 2156 ἀπὸ
1100 2117 1143 2156 δὲ
1162 2119 1229 2167 τῆς
1250 2115 1353 2159 Ἰοῦς
1381 2117 1482 2168 βοὸς
1509 2134 1625 2170 γενο-

158 2182 279 2234 μένης
299 2184 523 2236 Βόσπορον.
553 2183 598 2223 τὸ
619 2185 663 2224 δὲ
682 2186 775 2224 θεοῦ
794 2183 880 2235 ἤτοι
899 2187 969 2224 τοῦ
994 2182 1315 2235 Ἑλλησπόντου,Ἰ
1336 2185 1469 2237 ὥσπερ
1488 2185 1628 2237 ἀρτίως

161 2250 224 2291 καὶ
245 2249 351 2302 ἱερὸν
371 2249 555 2298 ἐκάλεσε,
578 2253 642 2292 διὰ
667 2251 712 2291 τὸ
736 2254 894 2295 πολλὰς
923 2252 987 2293 καὶ
1009 2254 1228 2295 καλλίστας
1256 2253 1400 2303 νήσους
1428 2252 1629 2306 περιέχειν

162 2316 225 2357 καὶ
255 2315 355 2357 εἶναι
385 2318 430 2358 ἐν
457 2318 560 2373 αὐτῷ
587 2318 678 2361 τοὺς
701 2318 925 2370 ”Ελληνας.
988 2319 1236 2360 Blomfieldo
1264 2321 1472 2373 Βοσπόρου
1501 2319 1627 2361 corri-

159 2383 344 2439 gendum
366 2383 548 2435 videtur,
570 2385 646 2425 nisi
669 2389 762 2426 θεοῦ
781 2386 834 2427 de
855 2388 1058 2443 Neptuno
1078 2387 1128 2428 sit
1149 2386 1479 2442 intelligendum.

221 2463 319 2504 747.
351 2451 489 2494 πέδαις
509 2452 780 2504 σφυρηλάτοις
800 2453 853 2494 de
873 2454 1064 2495 anchoris
1083 2454 1226 2495 ferreis
1252 2454 1515 2511 interpretor,
1539 2455 1632 2511 qui-

160 2518 242 2560 bus
263 2519 430 2559 Xerxes
450 2527 554 2560 teste
576 2520 796 2561 Herodoto
816 2531 983 2577 pontem
1005 2520 1258 2576 alligaverat.
1292 2522 1424 2562 SCH‚

221 2599 317 2641 749.
333 2587 472 2639 θνητὸς
490 2587 561 2643 ὢν]
581 2589 687 2629 Haec
702 2588 829 2630 verba
844 2589 950 2630 male
963 2604 1056 2630 cum
1073 2589 1404 2645 praece-dentibus
1415 2590 1631 2647 conjunxit

163 2654 393 2705 scholiasta,
415 2657 458 2696 δὲ
478 2655 694 2712 particulae
714 2656 982 2699 collocatione
1002 2658 1214 2713 deeeptus.

222 2724 282 2779 δὲ]
303 2741 347 2765 τε
368 2725 427 2764 Α.

223 2792 430 2846 εὐβουλίᾳ]
453 2793 626 2847 ἀβουλία
645 2792 750 2834 Ald.

224 2875 321 2920 750.
343 2865 477 2920 νόσος]
500 2857 592 2908 νόῧς
613 2865 678 2905 Μ.
726 2864 800 2905 Ad
831 2863 924 2905 τάδε
944 2863 985 2905 in
1009 2865 1060 2906 B.
1077 2874 1139 2905 est
1158 2864 1215 2921 gl.
1238 2866 1293 2909 εἷς
1312 2874 1354 2906 et
1375 2865 1485 2907 κατά.

226 2943 322 2988 751.
357 2932 495 2988 πόρος]
531 2933 653 2976 πόνος
688 2931 798 2974 Rob.
835 2931 979 2987 Steph.
1014 2931 1129 2989 quod
1162 2931 1203 2973 in
1240 2933 1306 2973 M.
1341 2932 1514 2990 aliisque
1549 2948 1632 2975 non
1701 2975 1704 2979 ,
