1898 3256
304 233 388 273 222
772 235 1262 277 ANNOTATIONES

302 345 431 395 νείκην
458 344 521 385 καὶ
549 344 637 387 τοὺς
662 344 743 396 μετ’
772 346 888 387 αὐτοῦ
917 353 1051 399 φησιν,
1077 348 1136 388 ὅτι
1166 348 1208 388 ἐκ
1236 349 1303 398 τῆς
1328 348 1453 400 φυγῆς
1479 347 1735 400 ἐπανήκοντες

302 411 386 462 ἐμοὶ
406 411 450 462 τῇ
471 411 637 451 ἐνταῦθα
653 411 819 463 μεινάσῃ
840 414 1009 463 ἐδείξατε
1026 413 1187 464 βλάβας
1206 413 1438 466 ἀφορήτους.

358 477 443 528 ἐμοὶ
462 491 543 518 om.
564 478 673 520 Rob.
734 480 787 519 In
810 479 908 520 Ald.
932 481 974 520 ἐκ
995 483 1121 532 φυγᾶς
1146 478 1153 535 Ι
1179 483 1267 520 ΑΝ.
1290 481 1373 531 ἐμοὶ
1393 479 1553 521 οὗδ’-.

357 543 592 599 980—983.
615 544 896 600 οὐδ’-παθόν]
921 547 971 586 In
993 545 1057 586 his
1075 561 1169 601 quae
1191 547 1366 587 Ismenae
1386 556 1480 588 sunt
1495 547 1733 604 Antigonae,

298 624 393 665 quae
408 609 633 665 Antigonae
655 611 830 652 Ismenae
852 612 995 653 tribuit
1015 612 1122 652 Rob.

356 676 450 730 980.
479 676 555 718 οὐδ’
577 677 668 718 ἵκεθ’
691 679 740 721 ὡς
766 678 1013 733 κατέκτανεν]
1042 678 1275 729 Scholiasta,
1297 678 1517 731 Ἐτεοκλῆς·
1549 682 1733 734 πρότερος

297 744 373 795 γὰρ
394 743 602 785 κατέκτανε
621 745 690 785 τὸν
708 746 965 796 Πολυνείκην.

354 810 449 863 981.
471 810 629 863 σωθεὶς]
655 811 690 851 Ι.
712 826 747 851 e.
766 810 980 851 incolumis
999 826 1185 853 reversus
1203 812 1244 852 in
1265 812 1452 868 patriam.
1485 814 1671 855 BOTH.

354 876 449 929 982.
481 877 662 917 ἀπώλεσε
689 876 798 931 δῆτα]
820 877 971 917 Versus
999 877 1280 934 interpolatuS,
1302 879 1373 934 qui
1404 895 1484 921 non
1514 880 1731 936 respondet

298 942 505 998 strophico
525 952 619 998 970.
641 942 736 995 πρὸς
759 944 879 995 φίλου
907 943 1062 997 ἔφθισο.
1124 945 1391 986 Scribendum
1413 946 1575 988 videtur
1603 948 1731 989 ὤλεσε

297 1009 343 1061 δὴ
362 1010 450 1050 τόδε
469 1023 565 1050 cum
587 1009 838 1051 Wellauero.

353 1076 447 1130 983.
469 1075 585 1130 τόνδ’]
606 1075 650 1116 τὸ
666 1077 765 1116 τοῦδ’
787 1075 895 1117 Rob.
920 1076 1060 1133 steph.
1081 1085 1122 1118 et
1140 1076 1296 1133 aliquot
1315 1077 1486 1120 codices.
1546 1080 1732 1122 Scriben-

295 1141 395 1182 dum
416 1141 494 1182 τόδ’
515 1156 609 1183 cum
628 1141 880 1184 Wellauero.

353 1209 449 1264 983.
463 1208 614 1250 τάλανα
627 1210 754 1250 παθόν
766 1210 823 1251 Α.
849 1209 1002 1251 τάλανα
1018 1211 1080 1251 καὶ
1095 1212 1222 1252 παθόν
1236 1212 1412 1253 C.E.M.
1427 1211 1576 1267 aliique
1589 1222 1628 1254 et
1639 1212 1729 1269 (qui

294 1274 440 1329 πάθον)
472 1275 522 1316 Β.
555 1277 691 1316 Turn.
721 1276 912 1317 τάλαιναν
941 1277 1003 1317 καὶ
1031 1276 1158 1318 πάθον
1188 1278 1286 1318 Ald.
1319 1278 1486 1319 τάλαινα
1515 1279 1577 1320 καὶ
1605 1279 1729 1320 πάθεν

294 1341 405 1382 Rob.
435 1341 587 1382 τάλανα
607 1343 669 1383 καὶ
690 1342 835 1383 ἔπαθον
855 1342 939 1383 duo
958 1343 1075 1384 codd.
1097 1343 1250 1384 τάλανα
1268 1346 1370 1396 πάθη
1391 1346 1444 1386 Ν.
1466 1354 1506 1386 et
1526 1360 1612 1386 var.
1633 1345 1726 1386 lect.

293 1407 335 1448 in
358 1408 410 1449 B.
440 1408 593 1449 τάλανα
613 1410 674 1450 καὶ
692 1408 816 1451 πάθος
836 1408 977 1451 Guelf.
1039 1410 1306 1467 Scribendum
1328 1411 1454 1452 τάλαν
1473 1411 1606 1454 πάθος.

351 1475 446 1528 984.
478 1480 535 1515 Ισ.
567 1476 990 1527 δύστονα-πημάτων.
1020 1475 1105 1518 Ἀν.
1128 1478 1163 1517 ὀ.
1183 1483 1222 1518 λ.
1245 1482 1304 1519 Ισ.
1328 1479 1361 1519 ὁ.
1384 1477 1415 1518 δ’
1437 1480 1544 1530 ὁρᾶν.
1573 1476 1660 1519 Ἀν.
1684 1480 1727 1520 ἰὼ

294 1541 507 1594 μοῖρα--εῒ
524 1541 635 1582 Rob.

351 1609 479 1648 Hunc
526 1623 686 1648 versum
726 1608 964 1664 Antigonae,
1018 1610 1249 1664 proximum
1300 1612 1476 1652 Ismenae
1522 1626 1607 1654 esse
1653 1611 1726 1652 tri-

292 1674 503 1714 buendum
541 1674 841 1730 strophicorum
875 1691 1066 1718 versuum
1105 1678 1352 1734 comparatio
1391 1678 1510 1719 docet
1543 1677 1728 1734 viditque

296 1740 549 1782 Schuetzius.

349 1809 518 1848 δύστονα
551 1809 630 1861 (καὶ
664 1808 824 1850 addunt
855 1810 904 1850 C.
943 1811 1094 1863 Turn.)
1133 1810 1232 1861 κήδε’
1265 1811 1461 1866 ὁμώνυμα]
1494 1812 1644 1852 Versus
1674 1826 1726 1852 ex

291 1873 466 1915 dimetro
493 1874 665 1916 iambico
694 1885 923 1931 corruptus.
983 1877 1055 1918 Ad
1085 1878 1254 1918 δύστονα
1275 1878 1417 1933 Steph.
1438 1878 1644 1919 annotavit
1663 1896 1724 1931 γρ.

292 1941 473 1992 δύστηνα.
535 1941 801 1982 Scribendum
838 1946 927 1984 AN.
964 1946 1152 1986 δύστανος
1186 1946 1211 1984 ἃ
1246 1945 1464 1996 κηδεμονία.
1505 1949 1571 1985 ΙΣ.
1599 1946 1727 1997 λυγρὰ

292 2007 488 2049 διπάλτων
517 2008 711 2060 πημάτων.
743 2010 948 2060 κηδεμονία
974 2011 1024 2051 de
1051 2025 1150 2051 cura
1171 2010 1340 2051 mortuis
1367 2010 1598 2052 adhibenda
1618 2021 1725 2052 recte

291 2073 370 2114 dici
392 2075 639 2115 Homericus
660 2075 846 2116 vocabuli
866 2077 1037 2128 κηδεμών
1057 2091 1155 2117 usus
1176 2077 1306 2118 docet.

348 2141 445 2195 985.
476 2141 626 2195 δίυγρα]
659 2141 893 2192 Scholiasta,
925 2144 1072 2195 δίυγρα.
1103 2143 1258 2194 πήματα
1286 2144 1456 2197 χεόμενα
1486 2144 1548 2184 καὶ
1573 2143 1724 2186 πολλά.

293 2208 554 2249 Constructio
587 2207 750 2248 videtur
781 2224 866 2249 esse
903 2210 1038 2262 δίυγρα
1073 2209 1268 2261 πημάτων.
1327 2211 1458 2251 Malis
1494 2211 1724 2265 madcfiwta

289 2274 317 2316 i.
338 2290 371 2315 e.
392 2281 599 2316 saturata.
643 2275 821 2331 Anglice
840 2276 991 2317 soak'ed
1010 2276 1107 2317 with
1128 2277 1405 2330 miffbrtunes.
1456 2277 1610 2318 Forsan
1632 2277 1724 2332 quis

288 2340 509 2397 legendum
543 2341 730 2397 conjiciat
765 2341 946 2393 αἱμάτων.
979 2343 1208 2383 BLOMF.
1268 2343 1378 2384 Mihi
1408 2343 1591 2399 ineptum
1621 2343 1723 2385 illud

289 2407 454 2449 videtur
483 2417 757 2450 commentum
789 2408 1013 2450 scholiastae
1043 2409 1283 2465 scripturam
1313 2419 1547 2465 corruptam
1574 2420 1722 2452 utcun-

290 2491 372 2531 que
391 2475 643 2532 explicantis.

346 2543 583 2600 τριπάλτων]
606 2546 829 2596 τρίπαλτος,
855 2559 1054 2600 perquam
1086 2545 1307 2586 vehemens.
1369 2544 1540 2600 Proprie
1568 2544 1722 2585 dictum

289 2611 342 2652 de
360 2611 488 2661 hasta,
510 2619 571 2651 ter
589 2611 747 2652 vibrata
763 2619 810 2652 ut
826 2611 969 2651 melius
983 2611 1105 2652 volet.
1137 2611 1262 2655 Quod
1277 2611 1380 2652 bene
1396 2611 1498 2652 vidit
1515 2611 1722 2652 Butlerus.

289 2677 523 2730 τριπάλτων.
567 2681 744 2730 σφοδρῶς
777 2677 1046 2729 πηδησάντων.
1078 2678 1202 2718 schol.
1252 2677 1441 2733 Sophocl.
1478 2678 1597 2733 Ajac.
1625 2679 1722 2730 408.

290 2747 378 2787 Πᾶς
404 2745 446 2785 δὲ
476 2744 639 2796 στρατὸς
668 2744 852 2787 δίπαλτος
880 2745 929 2785 ἄν
956 2761 1005 2795 με
1033 2744 1135 2797 χειρὶ
1163 2745 1335 2796 φονεύοι.
1365 2744 1438 2785 ubi
1462 2744 1586 2785 schol.
1609 2745 1724 2785 παντὶ

290 2811 435 2858 σθένει,
458 2811 508 2854 ὦς
529 2811 708 2862 Δίδυμος.
738 2809 762 2861 ἢ
788 2812 810 2850 ὁ
837 2808 1002 2863 στρατός
1029 2827 1078 2861 με
1107 2812 1283 2862 φονεύοι,
1313 2811 1452 2861 λαβὼν
1480 2813 1528 2851 τὰ
1557 2812 1722 2851 δίπαλτα

290 2877 458 2928 δοράτια,
491 2878 542 2919 ὡς
567 2878 666 2920 Πίος
695 2877 805 2928 φησί.
838 2876 1031 2918 Eustath.
1062 2875 1114 2916 ad
1147 2875 1266 2916 Iliad.
1298 2881 1352 2917 H.
1383 2892 1422 2931 p.
1450 2878 1626 2930 674,12.
1659 2878 1721 2917 καὶ

289 2942 452 2990 παλτὸν,
475 2942 573 2985 εἶδός
591 2959 627 2983 τι
646 2943 784 2992 ὅπλου,
806 2943 847 2992 ἐξ
867 2942 912 2982 οὗ
939 2942 1001 2982 καὶ
1027 2943 1048 2982 ὁ
1078 2944 1182 2994 παρὰ
1211 2946 1412 2995 Σοφοκλεῖ
1438 2943 1619 2986 ὃίπαλτος
1647 2948 1720 2995 φο-
