1898 3256
347 232 429 274 136
616 244 618 246 ’
817 235 1310 276 ANNOTATIONES

402 351 470 394 72.
529 342 750 396 δῃάλωτον]
807 342 940 393 Libri,
993 353 1037 384 ut
1092 342 1235 392 solent,
1286 342 1513 394 ὃηῖάλωτον.
1593 343 1779 385 Correxit

346 407 592 449 Brunckius.

403 484 425 526 7
429 483 470 528 5.
501 478 650 527 ζυγοῖσι
681 475 906 529 ὃουλείοισι]
946 476 1130 527 ζεύγλῃσι
1169 476 1367 525 δουλείῃσι
1404 474 1560 530 aliquot
1593 475 1711 516 codd.
1740 487 1781 517 et

345 540 456 581 Rob.

399 607 612 648 δουλείοισι
633 608 814 648 A.B.M.
835 607 1000 662 aliique.
1052 607 1189 662 Vulgo
1210 608 1411 648 δουλίοισι.

399 673 546 724 μήποτε
567 674 742 727 σχεθεῖν]
766 673 1086 728 Intelligendum
1109 675 1271 727 εὔχομαι
1299 688 1373 729 per
1393 673 1550 729 ellipsin
1573 688 1652 714 non
1671 673 1780 715 illam

343 739 509 795 quidem
531 740 649 779 valde
668 739 846 788 obviam,
867 740 986 795 cujus
1006 751 1138 780 tamen
1160 739 1347 796 exempla
1366 740 1476 780 haud
1499 740 1659 781 desunt.
1710 741 1781 781 In-

343 806 408 847 fra
441 818 533 860 239.
564 807 662 847 Θεοὶ
692 810 865 855 πολῖται,
900 805 951 856 μή
981 824 1031 858 με
1066 808 1245 850 δουλείας
1273 811 1419 860 τυχεῖν.
1466 806 1651 861 Choeph.
1683 819 1779 861 304.

340 871 470 918 Ἀλλ’,
497 870 527 911 ὦ
555 870 724 923 μεγάλαι
755 875 903 924 Μοῖραι
931 874 1089 920 Διόθεν,
1110 874 1215 928 Τῇδε
1240 877 1442 922 τελευτᾶν,
1463 872 1540 914 ἱἨι
1565 873 1610 913 τὸ
1635 873 1782 914 δίκαιον

342 938 585 990 μεταβαίνει.
633 937 698 978 Cf.
724 938 872 993 Eurip.
907 939 1053 994 Suppl.
1081 952 1123 993 3.
1158 939 1228 979 ubi
1255 939 1339 980 vid.
1367 938 1603 980 Markland.
1654 940 1782 980 Mitto

343 1014 486 1060 poetas
508 1004 684 1054 Ionicos,
705 1003 817 1059 apud
834 1020 937 1059 quos
957 1005 1023 1048 δὸς
1043 1005 1107 1046 vel
1127 1006 1215 1046 δότε
1235 1005 1478 1061 plerumque
1493 1005 1781 1060 supplendum.

343 1070 418 1111 Ad
449 1070 718 1111 Homericum
749 1070 852 1111 illud
884 1071 1003 1112 Iliad.
1030 1076 1073 1112 B.
1093 1083 1191 1123 412.
1220 1075 1296 1112 Ζεῦ
1316 1071 1594 1121 κύδιστε-Μὴ
1612 1072 1702 1123 πρὶν
1722 1070 1781 1112 ἐπ’

343 1135 480 1186 ἠέλιον
500 1139 609 1177 δῦναι
630 1154 663 1176 κ.
686 1153 718 1177 τ.
740 1142 781 1177 λ.
814 1146 928 1177 notat
955 1137 1201 1178 Eustathius
1230 1152 1271 1193 p.
1295 1139 1388 1186 248,
1411 1149 1478 1191 30.
1501 1136 1543 1176 τὸ
1565 1139 1698 1190 σχῆμα
1716 1139 1783 1187 τῆς

345 1203 460 1255 εὗχῆς
478 1201 842 1243 Ἀττικόν-λείπει
862 1203 905 1243 τὸ
927 1203 1004 1250 δὸς,
1025 1202 1242 1255 ἢποίησον,
1263 1202 1286 1254 ἢ
1308 1205 1480 1256 εὔχομαι.
1515 1202 1718 1243 Herodot.
1740 1215 1780 1257 5,

349 1282 441 1323 105.
464 1271 529 1310 καί
544 1285 610 1320 μιν
634 1270 719 1320 (τὸν
740 1269 876 1310 ὀϊστὸν
896 1272 966 1321 se.)
993 1271 1032 1313 ἐς
1057 1270 1127 1310 τὸν
1149 1270 1245 1322 ἀέρα
1263 1271 1456 1321 βαλόντα,
1480 1272 1616 1316 εἰπεῖν,
1638 1269 1668 1311 ὦ
1691 1274 1780 1320 Ζεῦ,

346 1335 576 1388 ἐκγενέσθαι
591 1352 655 1386 μοι
673 1335 903 1387 Ἀθηναίους
918 1338 1114 1377 τίσασθαι.
1165 1338 1268 1386 Quae
1288 1336 1415 1377 citans
1435 1336 1678 1377 Eustathius
1697 1338 1722 1377 l.
1744 1352 1781 1378 c.

344 1401 532 1454 γενέσθαι
553 1401 686 1442 habet.
718 1403 931 1457 Anonym.
953 1419 1017 1456 ap.
1035 1403 1219 1459 Etymol.
1237 1404 1301 1444 M.
1331 1418 1372 1458 p.
1393 1404 1491 1457 346,
1508 1415 1576 1453 42.
1610 1403 1724 1444 Suid.
1742 1419 1780 1443 v.

343 1467 527 1518 Ἐξάντη.
553 1466 610 1507 ⁹32
631 1473 718 1518 Ζεῦ,
737 1468 924 1521 γενέσθαι
953 1469 1071 1519 τῆσδέ
1098 1468 1135 1520 μ’
1159 1469 1297 1521 ἐξάντη
1326 1472 1456 1510 νόσου.
1507 1470 1711 1520 Quidnam
1739 1470 1781 1511 in

345 1535 582 1590 hujusmodi
621 1535 718 1575 locis
756 1535 867 1590 apud
907 1535 1070 1575 Atticos
1110 1535 1323 1591 scriptores
1368 1535 1676 1590 intelligendum
1717 1537 1782 1586 sit,

343 1601 497 1657 optime
513 1602 668 1656 patebit
688 1617 739 1642 ex
758 1601 975 1656 Aristoph.
998 1603 1105 1642 Ran.
1130 1603 1225 1652 884.
1248 1607 1316 1643 ΔΙ.
1341 1603 1521 1655 Εὔχεσθε
1544 1603 1590 1654 δὴ
1610 1604 1672 1644 καὶ
1692 1604 1782 1656 σφώ

344 1685 393 1715 τι,
414 1669 506 1720 πρὶν
526 1669 625 1719 τᾶπη
650 1668 797 1720 λέγειν.
828 1668 893 1708 cui
924 1683 1070 1723 parens
1091 1668 1316 1723 AEschylus
1346 1668 1400 1709 sic
1429 1679 1631 1724 precatur,
1654 1669 1783 1721 Δήμη-
1826 1680 1836 1690 Χ

346 1752 424 1787 τερ,
445 1736 468 1785 ἡ
489 1735 676 1788 θρέψασα
706 1737 774 1777 τὰς
802 1736 896 1786 ἐμὰς
925 1734 1083 1787 φρένας,
1106 1735 1224 1775 Εἶναί
1245 1751 1295 1786 με
1314 1739 1390 1776 τῶν
1410 1739 1490 1775 σῶν
1511 1736 1619 1785 ἄξιον
1637 1753 1781 1787 μυστη-

345 1803 449 1853 ρίων.
510 1803 625 1845 Quos
659 1817 799 1841 versus
833 1800 1078 1856 AEschyleos
1110 1816 1195 1842 esse
1234 1802 1352 1842 docet
1383 1801 1607 1843 scholiasta.
1657 1802 1779 1843 Conf.

346 1867 520 1924 Lysistr.
542 1878 635 1922 173.
667 1867 894 1907 BLOMF.

402 1938 565 1987 σχεθεῖν
586 1934 867 1974 Blornfieldus.
918 1933 1034 1974 Libri
1057 1933 1230 1986 σχέθειν.

404 2003 470 2055 76.
490 2001 671 2055 γένεσθε]
692 2001 876 2053 γένοισθε
897 2000 1073 2040 Vindob.
1094 2000 1191 2041 duo·

401 2066 511 2120 ξυνὰ]
534 2066 586 2106 Id
607 2076 667 2106 est
688 2069 923 2118 κοινωφελῆ,
946 2075 991 2106 ut
1011 2065 1186 2120 explicat
1207 2065 1432 2107 scholiasta.
1477 2068 1671 2107 Ceterum
1691 2082 1781 2122 per-

347 2147 439 2172 rara
468 2132 582 2187 apud
611 2131 784 2187 tragicos
814 2131 956 2172 Ionica
982 2132 1115 2172 forma
1149 2132 1261 2182 ξυνός
1289 2141 1362 2182 est,
1409 2132 1461 2172 de
1491 2147 1573 2187 qua
1604 2132 1687 2173 dixi
1728 2133 1781 2174 ad

348 2198 475 2254 Soph.
499 2199 620 2253 Ajac.
642 2199 735 2238 180.

403 2267 471 2319 78.
503 2268 661 2318 θρεῦμαι
690 2267 847 2318 φοβερὰ
874 2263 1013 2318 μεγάλ’
1039 2263 1135 2319 ἄχη]
1165 2264 1369 2305 Dochmio
1399 2265 1630 2321 praemissus
1658 2281 1780 2322 spon-

345 2331 459 2373 deus.

403 2402 562 2452 θρεῦμαι
582 2415 631 2440 ex
653 2399 791 2439 decem
812 2399 897 2439 fere
916 2397 1123 2439 codicibus
1152 2407 1361 2454 receptum
1391 2413 1468 2454 pro
1487 2397 1656 2453 vulgato
1675 2399 1783 2452 θρέο-

344 2483 425 2517 μαι,
447 2465 486 2506 in
508 2481 592 2521 quo
611 2465 810 2507 consentit
831 2464 953 2506 schol.
976 2463 1122 2519 Eurip.
1145 2464 1293 2505 Phoen.
1317 2466 1413 2517 246.

400 2532 540 2585 μεγάλ’
562 2533 654 2587 ἄχη]
673 2532 829 2585 μεγάλα
848 2531 878 2572 τ’
901 2533 976 2584 ἄχη
996 2530 1115 2572 codd.
1136 2530 1254 2571 multi
1275 2540 1315 2571 et
1335 2531 1443 2572 Rob.

403 2610 582 2651 79—91.
609 2599 750 2638 Veram
772 2597 918 2637 horum
940 2611 1128 2637 versuum
1152 2596 1390 2651 scripturam
1413 2596 1583 2652 patefeci
1603 2597 1644 2636 in
1668 2595 1781 2636 Zim-

345 2664 571 2705 mermanni
600 2664 744 2705 Diario
767 2679 804 2704 a.
837 2664 957 2717 1836.
989 2677 1033 2718 p.
1062 2663 1127 2715 87.
1156 2663 1222 2703 88.
1256 2662 1365 2703 unde
1390 2677 1499 2703 nunc
1529 2661 1688 2718 singula
1719 2676 1781 2702 re-

345 2740 498 2788 petam.

404 2810 471 2851 79.
500 2797 692 2850 μεθεῖται]
724 2795 920 2836 Absurde
948 2795 1099 2851 legitur
1126 2799 1312 2847 μεθεῖται,
1335 2795 1447 2851 quod
1468 2795 1676 2836 dimissum
1697 2809 1782 2834 esse

345 2865 569 2905 exercitum
601 2863 814 2918 significat,
835 2862 906 2917 qui
933 2877 1042 2902 nunc
1072 2862 1202 2917 ipsum
1225 2861 1277 2902 ad
1300 2862 1441 2903 urbem
1462 2860 1780 2918 oppugnandam

345 2929 565 2971 descendit.
626 2931 721 2970 Hoc
742 2928 968 2984 AEschylus
989 2931 1159 2970 καθεῖται
1177 2927 1349 2969 dixerat.
