1898 3256
309 203 393 245 264
777 206 1270 248 ANNOTATIONES

365 312 542 368 δάσκιον]
562 312 743 356 δάσκειον
763 315 830 356 M.
854 315 998 358 Guelf.
1021 317 1159 372 Mosq.

364 390 462 434 317.
481 382 662 434 πορφυρᾷ
683 381 905 423 Porsonus.
936 382 1138 437 πορφυρέᾳ
1156 382 1259 424 libri.

364 446 460 501 318.
482 446 636 501 Μᾶγος]
658 448 819 489 Nomen
838 448 1097 504 gentilitium.
1121 449 1318 505 Stephan.
1342 449 1462 505 Byz.:
1485 451 1634 503 Μαγία.
1666 452 1743 494 εἶσὶ

310 512 373 553 καὶ
399 511 535 565 Μάγοι
565 513 676 556 ἔθνος
703 515 790 568 περὶ
817 516 985 567 Μηδίαν.
1029 515 1230 557 Herodot.
1255 529 1292 566 Ι,
1318 528 1409 557 101.
1432 516 1515 558 ἔστι
1534 518 1576 558 δὲ
1597 517 1743 569 Μήδων

309 578 452 620 τοσάδε
498 578 630 632 γένεα,
670 582 831 629 Βουσαὶ,
877 582 1160 634 Παρητακηνοὶ,
1210 583 1464 636 Στρούχατες,
1513 581 1740 636 Ἀρίζαντοι,

309 646 475 693 Βούδιοι,
498 645 646 698 Μάγοι.
678 647 897 689 STANL.
949 648 1084 702 Μέγος
1103 648 1203 689 Ald-
1235 648 1375 702 Μάγος
1394 649 1507 690 Rob.

359 709 554 765 Ἀραβος]
569 710 769 764 Ἀρραβος
789 714 957 755 Barocc.
978 714 1079 756 Ald.
1102 715 1212 756 Rob.
1234 714 1406 768 Ἀραθος
1427 716 1477 757 Β.

365 776 573 832 Ἀρτάμης]
601 777 803 831 Ἀρσάβης
831 780 938 822 Rob.
969 782 1082 837 quod
1111 792 1352 838 corruptum
1381 798 1431 824 ex
1458 782 1669 835 Ἀρσάμης,
1697 791 1745 824 ut

308 843 459 899 legitur
478 843 519 883 in
541 845 736 886 Cantabr.
757 846 903 900 primo.
954 849 1149 890 Artames
1171 848 1382 890 Salaminis
1401 849 1577 901 μέτοικος
1596 848 1745 890 dicitur

309 923 447 951 amara
465 910 604 951 ironia.
657 911 792 953 Schol.
815 914 896 954 ἐκεῖ
914 915 1097 956 ἀπελθὼν
1117 914 1314 972 κατῴκησε
1342 916 1412 967 τὴν
1439 920 1646 968 Σαλαμῖνα
1674 915 1745 967 τὴν

310 977 486 1028 σκληρὰν
506 976 568 1017 καὶ
587 978 771 1029 πετρώδη.
806 979 1035 1022 BLOMF.

366 1053 463 1097 320.
489 1040 704 1096 ’Ἄμηστρις
731 1044 980 1087 Brunckius.
1021 1045 1226 1100 Ἀμιστρις
1246 1047 1384 1103 vulgo.
1424 1047 1633 1101 Ἀμίστρης
1660 1047 1745 1088 duo

309 1107 427 1149 codd.
459 1109 507 1149 V.
529 1108 583 1149 ad
602 1124 641 1151 v,
660 1122 724 1152 21.

365 1175 608 1230 πολύπονον]
638 1177 901 1219 Laberio-ms.
951 1178 1095 1220 Minus
1126 1189 1234 1221 recte
1264 1180 1484 1221 Elmsleius
1513 1180 1566 1221 ad
1598 1180 1744 1238 Eurip.

311 1241 520 1283 Heraclid.
550 1255 645 1298 932.
668 1246 940 1299 ponderosus.
992 1246 1170 1302 Anglice
1200 1247 1378 1298 verteris,
1409 1248 1541 1304 doing
1569 1262 1596 1288 a
1619 1254 1748 1303 great

311 1309 404 1349 deal
420 1309 607 1363 osworlc.
646 1311 789 1366 Suppl.
811 1312 907 1366 378.
928 1312 1084 1365 φύλακα
1103 1315 1336 1354 πολυπόνων
1354 1318 1523 1366 βροτῶν.
1573 1313 1746 1354 Nullum

311 1374 510 1416 succurrit
525 1376 757 1432 exemplum
785 1377 857 1418 ubi
877 1378 1102 1433 quidquam
1133 1378 1245 1420 aliud
1265 1394 1388 1434 quam
1418 1380 1645 1421 laboriosus
1673 1395 1747 1436 per

310 1441 416 1482 hanc
438 1456 576 1482 vocem
598 1442 858 1498 significetur.
908 1444 1099 1486 Similiter
1118 1445 1203 1486 fere
1225 1445 1446 1501 Sophocles
1464 1447 1536 1501 Aj.
1559 1448 1653 1501 637.
1674 1464 1744 1488 πο-

310 1509 493 1549 λυπόνων
514 1507 700 1562 Ἀχαιῶν,
726 1510 984 1552 Achivorum
1013 1512 1170 1553 bellicos
1197 1513 1353 1554 labores
1381 1518 1547 1554 strenue
1570 1514 1745 1555 subeun-

311 1575 429 1615 tium.
464 1576 695 1617 BLOMF.

367 1654 466 1697 321.
494 1641 766 1698 Ἀριόμαρδος]
789 1644 945 1685 Utrum
975 1653 1112 1685 autem
1144 1644 1208 1686 hic
1235 1645 1510 1686 Ariomardus
1540 1645 1646 1687 idem
1682 1646 1747 1697 sit,

311 1707 384 1763 qui
418 1722 543 1764 supra
573 1709 814 1750 Thebarum
847 1710 1142 1766 AEgyptiarum
1169 1711 1255 1752 dux
1283 1711 1580 1763 nominabatur,
1611 1728 1650 1754 ν.
1677 1714 1744 1769 38.

311 1789 363 1816 an
382 1774 502 1824 alius,
521 1774 682 1816 definiri
701 1776 854 1832 nequit.
889 1777 1016 1818 SCH.

368 1853 464 1897 322.
496 1842 690 1894 Σεισάμης
710 1844 836 1883 Α.Μ.
857 1842 1007 1898 aliique
1028 1844 1210 1884 nonnulli
1231 1853 1271 1885 et
1292 1846 1505 1886 Canterus.
1556 1845 1748 1887 Aliorum

311 1908 554 1964 corruptelae
587 1916 686 1949 sunt
720 1909 906 1961 Σισάμης,
942 1909 1167 1963 Σεισάρκης,
1199 1910 1311 1965 quod
1343 1921 1402 1952 est
1435 1912 1477 1953 in
1508 1912 1606 1954 Ald.
1640 1913 1748 1954 Rob.

313 1976 449 2017 Turn.
474 1976 630 2032 Steph.,
652 1976 860 2029 Σισάρκης,
883 1976 1091 2029 Σισάρμης,
1113 1977 1343 2030 Σεισάρμης.
1394 1979 1447 2019 In
1477 1981 1532 2020 N.
1553 1990 1593 2020 et
1614 1979 1746 2021 Viteb.

312 2042 508 2094 Σησάμης.
560 2043 727 2096 Σησάμα
759 2058 908 2085 nomen
941 2043 1048 2084 infra
1081 2043 1231 2100 legitur
1264 2059 1303 2084 v.
1337 2045 1432 2100 983.
1465 2044 1540 2087 nisi
1574 2046 1750 2099 Σεισάμα

314 2108 590 2151 scribendum.

368 2175 407 2229 ὁ]
429 2175 700 2216 Scribendum
722 2175 755 2217 θ’
777 2178 798 2216 ὁ
818 2188 869 2217 ex
890 2177 1053 2217 A,B.F.
1076 2176 1217 2218 Guelf.

369 2254 465 2296 323.
500 2241 694 2297 Θάρυβις]
717 2242 895 2295 Θάβυρις
915 2258 964 2283 ex
991 2242 1110 2284 codd.
1130 2242 1262 2284 Paris.
1283 2254 1480 2285 memorat
1501 2244 1748 2286 Brunckius.

313 2306 467 2363 Θάρμις.
486 2307 598 2351 Rob.
633 2309 686 2348 In
707 2308 882 2361 Θάμυρις
901 2318 1138 2364 corruptum
1159 2309 1200 2349 in
1220 2310 1480 2351 annotatione
1500 2311 1737 2352 scholiastae.

368 2379 467 2429 324.
497 2373 704 2428 Λυρναῖος]
737 2374 931 2430 Stephan.
956 2375 1059 2430 Byz.
1079 2389 1104 2415 a
1130 2375 1309 2416 Stanleio
1338 2376 1550 2429 excitatus,
1571 2378 1746 2430 Λύρνησ-

313 2457 396 2490 σος,
420 2441 535 2483 πόλις
554 2440 718 2493 Τρωϊκὴ,
739 2441 809 2491 μία
834 2444 911 2481 τῶν
938 2440 1075 2482 ἕνδεκα
1100 2444 1177 2482 τῶν
1197 2442 1241 2482 ἐν
1267 2442 1312 2498 τῇ
1331 2442 1496 2495 Τρωάδι.
1526 2444 1570 2484 τὸ
1596 2443 1750 2485 ἐθνικὸν

311 2506 572 2559 Λυρνήσσιος.
603 2507 804 2560 Αἰσχύλος
824 2508 866 2548 δὲ
889 2506 1075 2559 Πέρσαις,
1107 2508 1157 2551 ὧς
1176 2507 1252 2549 ἀπὸ
1281 2512 1348 2549 τοῦ
1373 2511 1517 2562 Λύρνα,
1544 2513 1748 2563 Λυρναῖος.

312 2572 430 2613 Nihil
458 2572 524 2612 hic
553 2587 646 2614 cum
675 2573 896 2629 Lyrnesso.
945 2574 1077 2614 Recte
1097 2573 1218 2615 schol.
1241 2575 1317 2616 ἀπὸ
1338 2577 1489 2629 Λύρνης
1517 2579 1582 2628 τῆς
1610 2577 1747 2630 χώρας.

312 2639 542 2680 BLOMF.

368 2707 466 2760 326.
502 2705 726 2760 Συέννεσις]
759 2706 891 2762 Apud
932 2706 1137 2748 Herodot.
1173 2716 1213 2761 7,
1244 2708 1312 2762 98.
1347 2708 1453 2749 inter
1486 2724 1569 2760 eos,
1602 2709 1672 2765 qui
1707 2710 1749 2751 in

312 2771 436 2813 classe
464 2771 640 2827 proximi
659 2787 685 2813 a
701 2772 877 2814 ducibus
901 2774 1206 2825 ὀνομαστότατοι
1233 2774 1363 2825 fuere,
1383 2785 1615 2817 recensetur
1635 2778 1750 2830 Κίλιξ

313 2838 534 2887 Συέννεσις,
557 2839 845 2881 Oromedontis
873 2839 994 2881 filius.
1052 2841 1158 2881 Erat
1177 2855 1274 2882 vero
1295 2841 1523 2897 Syennesis,
1545 2844 1586 2883 ni
1614 2842 1748 2893 fallor,

313 2919 460 2946 nomen
504 2919 720 2947 commune
768 2905 934 2962 regibus
974 2905 1140 2958 Ciliciae,
1181 2918 1228 2948 ut
1268 2906 1517 2950 Ptolemaeus
1554 2908 1749 2966 AEgyptiv.
