1898 3256
367 245 457 286 AD
490 244 746 287 SEPTEM
778 243 1110 286 ADVERSUS
1143 243 1413 284 THEBAS.
1545 243 1629 286 129

158 356 340 399 senibus.
385 357 622 400 BLOMF.
670 356 842 411 γέροντα
890 357 989 399 ὄντα
1036 354 1218 412 explicat
1257 354 1497 396 scholiasta:
1545 369 1632 410 quo

158 435 282 482 pacto
301 425 376 482 qui
397 425 544 482 optimi
564 424 783 467 bellatores
812 434 924 474 sunt,
949 424 1128 480 juvenes
1147 433 1189 465 et
1211 423 1303 473 viri,
1324 422 1630 465 omitterentur.

158 494 349 535 BOTH.

220 573 285 603 12.
317 562 575 616 βλάστημον]
598 562 970 617 Germen,fhrem.
1023 561 1090 601 De
1118 560 1236 616 prole
1264 559 1415 616 Suppl.
1437 571 1535 615 317.
1557 558 1630 600 τίν’

158 629 229 670 οὖν
250 628 302 670 ἔτ’
325 630 455 671 ἄλλον
474 632 595 681 τῆσδε
613 628 854 681 βλάστημον
873 627 1033 681 λέγεις;
1067 628 1301 669 BLOMF.
1344 626 1428 677 Qui
1447 631 1630 678 βλαστη-

156 697 234 748 μὸν
255 698 449 748 ὀξυτόνως
468 696 644 753 scripsit,
666 706 791 747 recte,
812 705 860 737 ut
882 695 1061 737 videtur.

218 777 282 818 13.
311 765 418 817 ὥραν
444 763 476 805 τ’
499 763 631 818 ἔχονθ’
655 764 840 819 ἕκαστον]
872 765 992 805 Duas
1022 763 1384 820 interpretationes
1412 761 1632 819 proposuit

157 830 393 882 scholiasta,
423 846 602 887 quarum
635 831 766 873 altera
800 831 854 872 ad
891 831 1010 884 ὥραν,
1043 832 1175 872 altera
1209 830 1262 872 ad
1296 831 1403 884 ὥραν
1435 831 1631 881 refertur,

156 901 362 952 φροντίδα,
392 900 565 952 ἡλικίαν·
599 898 647 940 ἵν’
675 897 701 951 ᾖ
729 901 751 940 ὁ
783 903 889 951 νοῦς,
919 900 1090 941 ἕκαστον
1118 901 1228 951 ὑμῶν
1261 899 1409 953 ἔχοντα
1439 899 1633 952 φροντίδα

155 970 224 1019 τῆς
253 966 467 1019 πόλεως,.ἢ
489 968 660 1009 ἕκαστον
682 970 781 1009 κατὰ
800 968 872 1019 τὴν
897 968 1057 1019 ἡλικίαν
1079 969 1220 1008 ἑαυτοῦ
1250 970 1420 1018 βοηθεῖν
1439 969 1485 1019 τῇ
1515 968 1634 1009 πόλει

158 1037 211 1079 ὣς
229 1035 383 1089 πρέπον
403 1037 503 1078 ἐστί.
567 1036 844 1078 Posteriorem
873 1036 1255 1093 interpretationem
1278 1036 1468 1092 sequitur
1490 1035 1632 1077 Blom-

155 1102 320 1153 fiemus,
337 1103 411 1159 qui
437 1104 527 1145 haec
555 1104 614 1145 sic
634 1104 831 1154 reddidit,
853 1111 892 1146 et
912 1118 1259 1160 unumquemque,
1277 1104 1506 1144 secundum
1526 1110 1631 1145 ceta-

157 1177 238 1212 tem
276 1186 404 1227 quam
441 1172 578 1223 habet,
611 1174 746 1214 modis
778 1174 894 1214 ‹etati
929 1172 1232 1222 consentaneis,
1269 1172 1488 1226 opitulari.
1551 1171 1635 1213 Sed

157 1239 265 1292 ὥραν
286 1239 432 1294 ἔχοντα
461 1255 544 1281 non
575 1240 779 1297 significat
807 1240 1035 1281 secundum
1061 1245 1228 1281 oetatem
1250 1254 1376 1296 quam
1404 1240 1540 1289 habet,
1560 1239 1633 1280 sed

156 1313 320 1349 oetatem
350 1308 577 1350 habentem.
639 1309 771 1349 Recte
801 1307 972 1348 sensisse
1001 1306 1200 1348 videntur
1229 1306 1303 1362 qui
1331 1307 1438 1360 ὤραν
1462 1307 1632 1363 scripse—

156 1385 281 1417 runt:
312 1391 398 1431 quo
419 1387 588 1433 recepto
611 1376 789 1418 delenda
817 1393 861 1417 τε
891 1377 1043 1433 copula
1073 1386 1148 1426 est,
1170 1391 1257 1432 qua
1285 1386 1428 1417 carent
1457 1377 1632 1427 A.B.N‚

155 1453 198 1485 et
217 1443 405 1500 quinque
425 1444 494 1485 alii
515 1444 636 1486 codd.
660 1456 701 1486 et
723 1444 836 1486 Rob.

216 1510 246 1552 τ’
269 1510 400 1566 ἔχονθ’
424 1512 594 1554 ἕκαστον
623 1513 690 1554 Μ.
723 1512 893 1568 aliique,
915 1512 1111 1569 idemque
1139 1512 1272 1554 voluit
1293 1512 1538 1564 Turnebus,
1561 1527 1632 1554 cu-

151 1579 224 1635 jus
254 1579 297 1620 in
330 1579 510 1622 editione
545 1579 579 1621 θ’
615 1580 749 1635 ἔχονθ’
784 1581 954 1622 ἕκαστον
991 1590 1053 1622 est
1085 1596 1340 1638 expressum.
1392 1579 1425 1622 θ’
1463 1581 1633 1622 ἕκαστον

159 1648 306 1702 ἔχοντα
325 1647 427 1689 Ald.
461 1649 632 1690 ἕκαστον
650 1649 807 1703 ἔχοντα,
832 1649 984 1690 omisso
1005 1648 1054 1696 θ’,
1079 1649 1223 1705 Mosq.
1245 1648 1332 1690 duo
1352 1659 1394 1690 et
1414 1648 1526 1690 Rob.

218 1716 322 1757 ὥστε
353 1717 405 1757 Β.
436 1732 461 1757 a
490 1726 730 1758 correctore.
778 1718 918 1773 Vulgo
938 1718 989 1761 ὥς
1008 1735 1059 1758 τι.
1102 1718 1155 1760 ὥς
1175 1735 1233 1760 τις
1254 1718 1309 1758 Ε.
1333 1727 1374 1758 et
1396 1718 1537 1773 Mosq.
1570 1732 1630 1758 se-

157 1783 333 1824 cundus

223 1864 287 1903 14.
309 1852 427 1893 πόλει
446 1851 479 1892 τ’
502 1851 679 1907 ἀρήγειν]
701 1853 820 1894 πόλιν
841 1852 871 1893 τ’
890 1854 1065 1907 ἀγείρειν
1087 1855 1136 1895 C.

222 1931 284 1975 15.
335 1919 810 1975 τιμὰς-ἐξαλειφθῆναι]
869 1922 922 1962 Id
963 1933 1024 1963 est
1065 1924 1169 1963 ὥστε
1212 1925 1394 1974 τιμὰς-.
1458 1922 1631 1962 Monuit

161 1987 386 2029 Heathius.

223 2057 287 2096 16.
310 2055 482 2112 τέκνοις]
505 2054 679 2096 τέκνοισι
697 2055 856 2111 aliquot
876 2055 999 2097 codd.
1021 2067 1062 2097 et
1088 2057 1183 2098 Ald.

216 2126 266 2176 γῇ
294 2141 338 2165 τε
367 2124 495 2176 μητρὶ,
532 2123 704 2176 φιλτάτῃ
737 2125 887 2180 τροφῷ]
923 2125 1109 2166 Telluris
1141 2127 1407 2179 κουροτρόφου
1443 2125 1631 2167 meminit

159 2193 389 2234 Pausanias
413 2206 452 2244 1,
474 2204 542 2241 22,
564 2205 605 2247 3.
626 2202 667 2233 et
690 2191 866 2234 Proclus
895 2192 936 2234 in
960 2193 1172 2235 Timaeum
1196 2194 1361 2234 Comm.
1382 2208 1447 2245 4.:
1485 2195 1547 2235 καὶ
1578 2195 1631 2236 ὡς

158 2263 232 2312 μὲν
252 2260 400 2314 τροφὸς
428 2259 500 2311 τὴν
523 2260 844 2314 τελεσιουργικὸν
863 2266 1038 2313 μιμεῖται
1064 2261 1187 2313 τάξιν,
1212 2260 1296 2302 καθ’
1317 2260 1366 2312 ἣν
1384 2262 1447 2303 καὶ
1466 2262 1631 2315 πάτριον

156 2327 382 2381 Ἀθηναίοις
403 2329 685 2381 Κουροτρόφου
707 2329 826 2379 αὐτὴν
846 2331 997 2381 ὑμνεῖν.
1059 2330 1234 2371 Suidas:
1270 2332 1546 2384 Κουροτρόφος
1565 2333 1629 2383 γῆ·

158 2397 279 2447 ταύτῃ
299 2397 343 2437 δὲ
363 2399 482 2437 θῦσαι
502 2396 606 2448 φασὶ
633 2395 677 2436 τὸ
699 2400 854 2449 πρῶτον
872 2396 1125 2451 Ἐριχθόνιον
1146 2399 1190 2439 ἐν
1211 2399 1427 2450 ἀκροπόλει
1458 2398 1521 2438 καὶ
1545 2402 1627 2449 βω-

158 2464 235 2516 μὸν
256 2465 502 2516 ἱδρύσασθαι,
524 2463 642 2517 χάριν
662 2464 899 2505 ἀποδιδόντα
928 2467 974 2516 τῇ
1004 2469 1056 2521 γῇ
1087 2470 1165 2507 τῶν
1190 2467 1399 2519 τροφείων·
1434 2469 1627 2517 καταστῆ-

159 2549 230 2573 σαι
249 2532 292 2572 δὲ
311 2532 490 2583 νόμιμον,
510 2531 598 2574 τοὺς
618 2531 782 2575 θύοντάς
801 2549 878 2573 τινι
898 2534 975 2588 θεῷ
996 2535 1116 2590 ταύτῃ
1135 2534 1334 2587 προθύειν.
1370 2534 1594 2574 STANL.

156 2630 166 2639 .
222 2613 283 2652 17.
307 2598 347 2653 ἡ]
367 2598 391 2649 ἢ
411 2598 507 2639 edd.
528 2608 628 2640 vett.
650 2609 706 2649 et,
726 2609 774 2641 ut
796 2599 975 2651 videtur,
995 2602 1168 2643 codices.
1199 2603 1226 2643 δι
1246 2603 1305 2643 Α.

222 2667 286 2707 18.
319 2665 591 2721 πανδοκοῦσα]
617 2667 786 2708 Omnem
809 2670 1026 2724 recipiens.
1081 2668 1189 2710 Satis
1217 2669 1323 2710 bene
1351 2667 1476 2709 schol.
1498 2667 1612 2709 mim.

160 2733 230 2774 τὸν
250 2734 375 2775 πόνον
395 2735 462 2784 τῆς
480 2736 656 2785 παιδικῆς
675 2735 829 2785 ἡλικίας
853 2735 954 2784 (imo
972 2739 1040 2788 τῆς
1058 2738 1318 2789 παιδεύσεως)
1341 2735 1627 2790 ὑποδεχομένη.

161 2802 394 2843 BLOMF.

223 2882 286 2923 ¹9·
319 2870 631 2924 ἀσπιδηφόρους]
665 2871 960 2924 ἆσπιδοφόρους
987 2872 1096 2913 Rob.
1160 2871 1359 2913 Notanda
1385 2871 1629 2927 exquisitior

161 2936 416 2979 attractionis
434 2937 569 2978 forma
589 2936 630 2978 in
653 2937 788 2979 verbis
809 2939 1104 2994 ἀσπιδηφόρους
1134 2940 1297 2984 πιστοὺς
1317 2941 1421 2984 ὅπως
1440 2939 1629 2997 γένοισθε

881 3020 907 3048 R
