1898 3256
357 233 414 275 86
826 236 1319 276 ANNOTATIONES

356 343 513 384 catione
532 343 584 384 ab
604 344 759 399 virgine
780 345 991 385 memorari
1011 345 1232 400 potuerint.
1264 345 1445 397 ὀδύρομαι
1471 345 1627 400 antiqui
1655 360 1789 386 errore

357 409 508 450 librarii
542 409 697 450 illatum
737 421 810 460 est,
846 411 909 451 cui
950 412 1218 452 τάποκλαῦσαι
1258 412 1545 463 κάποδύρασθαι
1583 411 1700 464 τύχας
1737 426 1787 452 ex

357 491 394 517 v.
417 477 513 531 637.
534 477 829 518 obversaretur.

414 545 510 596 645.
531 544 609 597 ἀεὶ]
635 544 709 584 αἰεὶ
730 545 793 584 M.
816 554 855 584 et
877 543 1068 583 Cantabr.
1091 543 1257 598 primus.

413 611 667 664 πολεύμεναι]
693 611 790 650 Hoc
810 618 1047 664 corruptum
1078 625 1128 650 ex
1159 611 1418 661 πωλεύμεναι,
1439 610 1552 665 quod
1576 619 1787 651 servarunt

358 678 406 718 C.
427 686 483 726 et,
503 676 576 732 qui
595 673 840 728 τ’ἷῶλεύμεναι
858 676 1028 731 praebet,
1051 676 1115 716 M.
1163 677 1216 716 Id
1231 685 1367 717 autem
1390 676 1556 725 librarii,
1579 676 1788 717 Homerici

355 758 554 784 memores
585 744 806 793 πωλεύμην,
842 753 1065 798 posuerunt
1102 758 1178 799 pro
1202 743 1333 784 forma
1363 743 1502 784 Attica
1535 744 1786 794 πολούμεναι,

355 824 451 865 quae
471 808 671 864 AEschylo
689 808 938 849 restituenda
956 823 1008 849 ex
1030 809 1085 849 D.

412 877 509 927 646.
530 875 583 929 ἐς]
606 876 660 917 εἷς
680 875 732 914 Ε.

412 943 508 994 647.
532 940 726 994 εὔδαιμον]
749 940 1010 981 scribebatur
1031 941 1233 992 εὐδαίμων.
1294 942 1532 982 Correctum
1554 957 1604 982 ex
1627 943 1692 983 M.
1713 942 1785 998 qui

356 1006 557 1063 εὐδαίμῶν.
590 1013 770 1063 εὐδαῖμον
789 1025 914 1067 pravo
932 1020 1101 1052 accentu
1122 1011 1232 1052 Rob.

411 1081 508 1132 648.
549 1079 793 1132 παρθενεύει]
831 1079 1045 1130 παρθενεύῃ
1084 1078 1192 1127 libri,
1232 1078 1306 1118 nisi
1345 1078 1457 1134 quod
1491 1079 1664 1120 Vindob.
1702 1080 1786 1121 duo

354 1144 614 1198 παρθενεύεις.

410 1214 436 1252 6
437 1225 504 1265 50.
525 1213 771 1264 ξυναίρεσθαι
791 1213 840 1252 Β.
904 1210 1037 1266 Vulgo
1058 1213 1322 1263 συναίρεσθαι.

411 1280 506 1332 651.
526 1278 578 1330 μὴ
597 1277 862 1333 ’πολακτίσῃς]
881 1277 1152 1318 Restituenda
1171 1278 1292 1318 erasis
1309 1279 1614 1334 μάπολακτίσῃς.

410 1346 504 1399 652.
524 1344 652 1395 βαθὺν
670 1346 857 1398 λειμῶνα]
878 1345 1089 1384 Fertilem.
1150 1344 1265 1385 Male
1296 1345 1513 1386 Schutzius
1533 1352 1708 1401 pratum
1738 1349 1784 1387 in

354 1411 460 1451 valle
478 1410 728 1465 depressiore
743 1426 756 1449 :
786 1418 826 1450 et
850 1410 893 1450 in
916 1409 1052 1450 Theb.
1073 1422 1168 1464 593.
1196 1414 1364 1461 βαθεῖαν
1390 1412 1528 1460 ἄλοκα,
1551 1420 1597 1453 ut
1623 1413 1781 1467 opinor,

352 1491 434 1518 non
453 1487 513 1517 est
531 1476 794 1531 profundum
813 1477 984 1524 sulcum,
1006 1478 1075 1517 sed
1087 1477 1294 1531 firtikm,
1313 1477 1404 1518 licet
1433 1477 1549 1518 aliter
1577 1477 1784 1520 intellexe-

351 1543 434 1583 rint
463 1544 625 1584 Auctor
655 1542 782 1583 Rhesi
814 1546 908 1598 796.
945 1543 1129 1583 Timaeus
1159 1558 1201 1600 p.
1235 1544 1301 1597 58.
1337 1553 1376 1584 et
1414 1544 1561 1585 Suidas
1594 1545 1633 1585 in
1674 1561 1782 1586 voce.

354 1610 490 1651 Theb.
512 1622 609 1664 307.
629 1612 701 1650 τὰν
725 1609 940 1663 βαθύχθον’
961 1610 1063 1651 αἶαν.
1094 1610 1206 1665 quod
1236 1619 1343 1651 recte
1372 1610 1496 1651 schol.
1520 1613 1576 1651 A.
1607 1612 1783 1667 explicat

352 1691 426 1732 per
456 1677 619 1729 εὔγειον.
654 1675 801 1731 Eur-ip.
835 1676 982 1716 Phoen.
1008 1677 1104 1730 657.
1136 1677 1233 1729 γύας
1262 1678 1546 1729 βαθυσπόρους.
1577 1678 1780 1718 Androm.

353 1745 448 1798 635.
477 1746 647 1794 βαθεῖαν
674 1745 760 1795 γῆν.
790 1742 856 1782 cui
884 1742 1105 1798 opponitur
1133 1742 1177 1783 τὸ
1206 1742 1445 1795 λεπτογέων,
1468 1743 1662 1799 Thucyd.
1685 1745 1721 1785 Ι.
1744 1756 1780 1785 2.

352 1810 526 1866 Hippol.
553 1810 671 1864 1138.
705 1812 874 1860 βαθεῖαν
904 1811 980 1850 ἀνὰ
1008 1810 1152 1862 χλόαν.
1187 1810 1357 1849 Homer.
1400 1809 1452 1849 Il.
1489 1814 1520 1859 I,
1549 1822 1639 1863 147.
1679 1811 1783 1862 βαθὺ

350 1876 476 1927 λήϊον.
499 1876 701 1917 Herodot.
726 1877 773 1916 V.
797 1887 863 1928 92.
885 1879 952 1916 τοῦ
971 1875 1082 1927 ληΐου
1105 1875 1149 1916 τὸ
1170 1875 1384 1916 κάλλιστόν
1403 1892 1446 1916 τε
1465 1877 1526 1917 καὶ
1548 1878 1780 1927 βαθύτατον.

353 1944 392 1984 Ι.
414 1957 506 1997 151.
529 1943 718 1984 Ἀνθειαν
736 1943 991 1994 βαθύλειμον.
1013 1941 1207 1982 Eustath.
1228 1958 1268 1998 p.
1293 1953 1390 1997 743,
1414 1955 1478 1996 29.
1508 1943 1565 1983 Τὸ
1593 1945 1634 1984 δὲ
1657 1945 1778 1994 βαθύ-

350 2015 487 2061 λειμον
522 2013 636 2059 δηλοῖ
666 2009 738 2059 μὲν
771 2008 814 2048 τὸ
848 2009 1104 2061 πολύχορτον,
1139 2009 1347 2049 κάντεῦθεν
1383 2009 1428 2048 τὸ
1465 2012 1556 2050 πῖον
1594 2012 1661 2059 τῆς
1698 2013 1778 2062 γῆς.

351 2075 521 2116 Pindar.
542 2075 667 2130 Pyth.
690 2088 750 2115 10.
775 2086 840 2114 20.
870 2075 1147 2125 βαθυλείμωνα
1175 2074 1334 2126 πέτραν.
1356 2075 1476 2115 Nem.
1496 2088 1538 2129 3,
1558 2089 1626 2130 30.
1655 2079 1778 2126 βαθυ-

350 2143 468 2196 πεδίῳ
488 2140 636 2194 Νεμέᾳ.
658 2139 842 2195 Etymol.
864 2140 927 2179 M.
948 2154 989 2194 p.
1010 2152 1104 2192 191,
1125 2139 1162 2179 8.
1181 2138 1420 2192 Ἐπίχαρμος
1445 2140 1604 2191 βάσσον
1623 2143 1779 2194 χωρίον,

350 2208 437 2248 ἀντὶ
455 2210 522 2247 τοῦ
541 2207 771 2258 βαθύτερον,
795 2206 956 2257 εὔγειον.
1007 2204 1134 2245 Plura
1152 2205 1351 2260 congessit
1370 2206 1479 2246 V.D.
1499 2206 1541 2246 in
1563 2208 1781 2248 Menstrua

351 2275 537 2314 Censura
568 2273 778 2327 (Monthly
804 2273 925 2324 Rev.)
955 2269 1033 2311 vol.
1054 2280 1125 2325 52.
1147 2271 1343 2326 Append.
1375 2272 1442 2313 Cf.
1464 2272 1585 2314 Misc.
1607 2273 1778 2315 ObserV.

350 2341 389 2382 6.
412 2355 453 2396 p.
477 2352 543 2394 79.
567 2340 794 2380 BLOMF.

405 2409 502 2462 654.
524 2407 623 2460 δῖον]
652 2405 918 2446 Scribendum
939 2404 1055 2445 litera
1074 2405 1299 2460 majuscula
1319 2410 1430 2447 Δῖον.

405 2475 509 2524 ὄμμα
542 2472 708 2527 λωφήσῃ
741 2472 881 2525 πόθου]
916 2477 964 2512 ut
993 2472 1113 2512 Jovis
1143 2472 1283 2513 oculus
1312 2472 1560 2514 desiderium
1589 2476 1777 2530 deponat,

348 2539 388 2580 h.
410 2555 444 2580 e.
467 2548 513 2580 ut
532 2538 568 2579 ei
589 2538 767 2579 satisfiat.
830 2538 950 2578 Oculi
978 2538 1086 2577 enim
1115 2544 1214 2578 sunt
1241 2540 1286 2578 in
1313 2553 1451 2580 amore
1481 2540 1612 2581 duces.
1673 2541 1777 2582 Inde

351 2606 583 2661 Hesychio:
617 2605 803 2656 ὀμματίας
832 2604 1065 2658 [ὀμμάτειος]
1094 2605 1227 2655 πόθος,
1259 2607 1321 2646 διὰ
1350 2607 1393 2646 τὸ
1425 2607 1467 2646 ἐκ
1493 2609 1560 2647 τοῦ
1579 2609 1674 2659 ὁρᾶν
1693 2610 1778 2649 ἁλί-

350 2675 515 2712 σκεσθαι
536 2672 657 2724 ἔρωτι·
689 2673 731 2711 ἐκ
750 2674 816 2710 τοῦ
837 2672 911 2722 γὰρ
932 2671 1076 2722 ἐσορᾶν
1095 2671 1244 2722 γίνεται
1266 2673 1479 2724 ἀνθρώποις
1501 2674 1604 2725 ἐρᾶν.
1643 2675 1775 2715 Amo—

349 2738 404 2778 ris
423 2737 543 2778 etiam
563 2737 689 2777 sedes.
751 2738 908 2777 Crescit
932 2738 1042 2776 enim
1066 2738 1230 2777 assidue
1248 2739 1465 2792 spectando
1483 2753 1586 2779 cura
1606 2740 1775 2794 puelloe.

351 2806 538 2858 Propert.
578 2817 618 2857 3,
660 2816 725 2844 21.
766 2803 984 2843 STANL.
1045 2803 1307 2858 Comparavit
1343 2804 1462 2844 etiam
1503 2805 1776 2846 Giacomellus

351 2870 538 2925 Sophocl.
571 2870 723 2911 Trach.
752 2879 851 2924 557.
882 2871 1028 2925 Eurip.
1061 2870 1194 2926 Hipp.
1214 2881 1310 2925 527.
1341 2881 1382 2912 et
1412 2870 1595 2926 AEschyl.
1629 2872 1773 2926 Suppl.

353 2949 474 2976 1010.
532 2936 779 2986 Orationem,
812 2950 906 2989 quae
941 2936 1004 2976 hic
1038 2937 1182 2991 speciei
1215 2952 1287 2992 per
1323 2937 1500 2992 quietem
1535 2944 1773 2977 nocturnam
