1898 3256
691 235 782 276 AD
813 234 1065 276 PERSAS.
1525 232 1611 275 275

201 347 299 399 480.
322 347 385 403 γε]
406 348 449 388 δὲ
469 346 572 388 Ald.
597 348 736 388 Turn.
761 346 906 403 Steph.

198 414 296 466 481.
331 416 507 468 αἴρονται
541 414 770 456 Elmsleius
807 413 862 456 ad
898 412 1050 469 Eurip.
1087 411 1302 454 Heraclid.
1336 423 1436 467 505.
1490 411 1610 453 Libri

144 483 354 535 αἱροῦνται.

198 550 299 601 482.
320 550 489 603 στρατὸς
509 549 539 591 δ’
564 551 585 591 ὁ
607 550 762 604 λοιπὸς]
788 550 952 606 Nempe
972 547 1186 590 terrestris.
1221 548 1354 589 SCH.

199 619 297 674 483.
333 623 518 672 κρηναῖον
547 619 687 673 γάνος]
719 619 943 659 Fontanus
972 617 1097 658 lateoe.
1131 615 1344 672 Lycophr.
1376 626 1473 670 247.
1506 619 1609 669 Κρη-

144 691 257 728 ναῖον
282 689 324 738 ἐξ
353 688 495 739 ἄμμοιο
523 685 720 742 ῥοιβδήσῃ
750 685 882 739 γάνος.
916 683 985 725 ubi
1010 685 1157 725 Tzetz.
1179 683 1315 737 γάνος,
1337 687 1408 725 νῦν
1428 684 1472 724 τὸ
1494 686 1609 738 ὕδωρ·

143 756 326 809 ἀλλαχοῦ
367 755 410 796 τὸ
449 754 570 808 γάλα.
613 753 765 810 Eurip.
805 751 954 809 Suppl.
994 754 1116 793 1160.
1151 750 1339 793 Ἀσῶπου
1372 751 1505 805 γάνος.
1539 751 1608 794 ubi

144 822 236 864 vide
256 822 424 864 omnino
445 821 682 879 Musgravii
712 831 865 863 notata.
908 822 1065 877 Agam.
1092 833 1213 873 1400.
1237 821 1469 874 Χαίρουσαν
1496 822 1612 864 οὐδὲν

141 891 284 943 ἧσσον,
305 890 328 943 ἢ
350 892 538 947 διοσδότῳ
556 890 676 932 Γάνει
701 889 896 943 σπορητὸς
916 889 1082 932 κάλυκος
1104 890 1148 930 ἐν
1167 889 1402 942 λοχεύμασι.
1464 890 1612 946 Hujus

141 958 295 1000 fabulae
325 961 424 1002 621.
455 962 628 1002 παλαιᾶς
658 957 838 1010 ἀμπέλου
868 956 1002 1010 γάνος.
1034 955 1223 1012 Etymol.
1257 957 1324 997 M.
1356 972 1399 1013 p.
1425 969 1523 1009 221,
1543 971 1610 1001 21.

140 1026 418 1080 γάνος-ὅπερ
439 1027 527 1068 ἔστι
546 1026 590 1067 τὸ
612 1030 729 1078 πῶμα
748 1025 792 1066 τὸ
809 1025 1007 1077 λαμπρόν.
1040 1024 1261 1077 Εὐριπίδης.
1286 1022 1420 1066 “Όπου
1439 1026 1610 1079 βότρυος

141 1096 186 1136 ἐν
206 1096 308 1136 δαιτὶ
327 1096 505 1149 γίγνεται
525 1095 659 1149 γάνος.
683 1094 860 1147 (Bacch.
884 1093 1005 1146 261.)
1059 1094 1256 1134 Ceterum
1279 1103 1490 1135 auctorem
1520 1094 1610 1136 ido-

140 1178 264 1204 neum
283 1179 366 1205 non
388 1163 514 1205 habet
534 1163 650 1219 quod
671 1161 799 1204 tradit
823 1161 877 1203 ad
905 1161 947 1203 h.
968 1160 994 1201 l.
1015 1160 1325 1217 grammaticus,
1346 1163 1465 1206 τόπος
1485 1167 1608 1205 Βοιω-

140 1233 225 1275 τίας
253 1233 277 1283 ἡ
309 1231 453 1285 Κρήνη.
519 1232 815 1272 Memorantur
845 1229 1014 1285 quidem
1048 1228 1157 1270 inter
1186 1229 1430 1271 Thebarum
1467 1241 1610 1287 portas

139 1299 262 1340 etiam
285 1301 326 1341 αἱ
350 1303 557 1353 Κρηναΐαι,
580 1299 637 1340 sic
658 1314 683 1339 a
703 1297 831 1339 Dirce
856 1296 1090 1338 nominatae.
1123 1297 1357 1339 BLOMF.
1419 1299 1609 1341 Scriben-

139 1364 242 1406 dum
283 1370 469 1418 κρηναῖον
506 1365 626 1406 litera
661 1363 914 1405 minuscula:
959 1363 1036 1404 nisi
1067 1363 1163 1419 quis
1195 1379 1345 1406 nomen
1390 1366 1608 1423 proprium

139 1431 308 1474 defendi
338 1443 458 1489 putet
490 1432 678 1474 Theonis
703 1431 858 1473 scholio
883 1431 939 1473 ad
972 1433 1092 1472 Arat.
1125 1431 1272 1473 Phaen.
1301 1445 1396 1487 205.
1433 1434 1509 1476 ὑπὸ
1541 1437 1611 1479 τὰς

139 1501 332 1554 ὑπωρείας
360 1503 438 1554 γὰρ
467 1505 537 1542 τοῦ
564 1500 782 1544 Ἑλικῶνος
808 1501 833 1552 ἡ
864 1500 1049 1542 Θέσπεια
1076 1505 1212 1542 κεῖται·
1248 1503 1293 1542 ἐν
1323 1503 1366 1543 δὲ
1394 1507 1480 1546 ταῖς
1504 1504 1608 1545 ὑπω-

138 1569 303 1621 ρείαιςὴ
326 1569 459 1622 Κρήνη
481 1570 582 1611 ἐστί.
615 1573 793 1610 καλεῖται
823 1570 866 1610 δὲ
895 1569 1016 1611 οὕτως
1046 1569 1149 1611 ἰδίως
1173 1570 1268 1620 αὕτη
1288 1569 1312 1620 ἡ
1332 1570 1438 1623 πηγὴ
1460 1570 1608 1624 Κρήνη.

139 1635 192 1678 de
211 1651 298 1692 quo
317 1636 424 1678 dixit
444 1638 646 1693 Ungerus
665 1636 708 1678 in
731 1635 947 1678 Thebanis
967 1636 1199 1678 Paradoxis
1220 1636 1301 1679 vol.
1324 1649 1358 1679 1.
1378 1653 1422 1694 p.
1437 1640 1537 1691 461.

193 1705 292 1756 484.
310 1705 408 1758 δίψῃ
430 1705 495 1746 Μ.
526 1706 638 1759 δίψει
657 1706 798 1760 vulgo.

194 1772 295 1827 485.
335 1772 618 1828 διεκπερῶμεν]
661 1770 924 1824 διεκπερῶμέν
961 1770 993 1812 τ’
1036 1770 1230 1822 Bothius‚
1269 1782 1473 1814 commate
1512 1784 1607 1830 post

140 1841 250 1881 κενοί
275 1839 426 1896 posito.
486 1839 571 1890 Qui
601 1854 684 1880 non
715 1838 1007 1880 animadvertit
1032 1838 1264 1880 liberiorem
1284 1840 1480 1883 orationis
1504 1857 1605 1884 con-

138 1906 442 1958 formationem,
473 1922 559 1963 qua
592 1906 727 1949 verbis
759 1906 805 1948 ἔν
836 1923 880 1948 τε
914 1910 1096 1948 Βοιωτῶν
1133 1907 1251 1961 χθονὶ
1288 1908 1482 1951 διώλλυτο
1517 1909 1607 1952 haec

138 1975 405 2032 respondent,
427 1977 465 2017 οἱ
485 1975 516 2017 δ’
537 1974 600 2017 ὑπ’
622 1976 824 2026 ἄσθματος
844 1976 950 2017 κενοὶ
970 1979 1303 2028 διεκπερῶμεν-.

194 2043 292 2095 486.
315 2043 475 2099 Μηλιᾶ]
499 2042 660 2094 Μηλιέα
679 2042 766 2083 (1υο
785 2042 909 2083 codd.

194 2111 295 2164 488.
315 2110 520 2166 Ἀχαΐδος]
555 2110 829 2171 Scribendum
849 2109 1053 2164 Ἀχαιίδος
1081 2125 1177 2152 cum
1204 2111 1442 2154 Brunckio:
1476 2128 1604 2169 quam

137 2179 384 2236 scripturam
403 2179 446 2220 in
469 2180 584 2236 Sept.
606 2193 644 2220 v.
668 2171 736 2221 28.
758 2187 840 2220 tres
859 2177 1021 2220 codices
1036 2188 1267 2221 servarunt.
1300 2185 1328 2205 “
1347 2180 1606 2238 Intelligitur

137 2247 301 2290 Achaia
320 2247 555 2289 Phthiotis:
588 2247 698 2289 conf.
722 2247 915 2288 Strabon.
936 2258 973 2286 1.
994 2260 1035 2301 p.
1055 2259 1127 2300 45.
1149 2260 1190 2301 9.
1212 2262 1254 2303 p.
1275 2249 1401 2304 433.''
1431 2250 1566 2292 SCH.

191 2316 290 2370 489.
310 2315 490 2370 πόλισμ’]
514 2316 632 2360 πόλις
653 2317 717 2357 Μ.

191 2395 294 2437 491.
315 2384 433 2440 δίψῃ]
456 2384 567 2437 δίψει
586 2383 699 2425 A.B.
719 2382 872 2438 aliique
892 2380 1097 2422 nonnulli.

192 2451 314 2508 λιμῷ]
345 2450 521 2492 Foedam
550 2451 702 2492 famem
734 2465 819 2506 qua
846 2449 888 2489 in
920 2446 1139 2489 Thessalia
1167 2447 1431 2505 affligebatur
1459 2453 1606 2494 Persa-

136 2533 231 2560 rum
260 2519 464 2561 exercitus
492 2518 724 2561 luculenter
753 2514 947 2559 describit
968 2514 1226 2556 Herodotus.
1288 2516 1407 2559 Idem
1439 2521 1606 2562 morbo-

135 2600 230 2627 rum
280 2587 570 2643 pestilentiam,
613 2585 801 2643 inprimis
848 2584 1144 2642 dysenteriam,
1184 2586 1397 2629 accessisse
1446 2602 1601 2634 narrat.

138 2654 270 2696 SCH.

190 2735 288 2777 492.
309 2723 379 2774 ἠδὲ
399 2722 511 2764 Rob.
542 2723 584 2766 ἔς
602 2739 645 2763 τε
664 2721 759 2762 libri
779 2720 930 2777 reliqui
950 2734 1105 2761 omnes.

190 2804 289 2847 493.
318 2791 469 2845 Ἀξίου]
503 2790 661 2842 Ἀξείου
685 2789 845 2846 aliquot
864 2787 984 2830 codd.
1034 2788 1132 2828 Hoc
1160 2802 1312 2830 nomen
1339 2793 1599 2847 grammatici

134 2858 304 2914 quidam
325 2869 555 2915 oxytonum
577 2873 663 2899 esse
682 2859 921 2907 voluerunt,
942 2863 992 2897 ut
1016 2854 1070 2896 ab
1096 2854 1302 2911 adjectivo
1326 2859 1433 2910 ἄξιος
1453 2860 1598 2903 distin-

136 2935 322 2983 guerent.
357 2927 407 2966 V.
424 2925 477 2967 ad
498 2926 605 2968 Eur.
629 2925 782 2967 Bacch.
803 2935 902 2980 570.

793 3005 938 3035 11m2
