1898 3256
351 252 440 293 AD
473 251 726 294 SEPTEM
759 248 1096 292 ADVERSUS
1130 249 1403 290 THEBAS.
1527 249 1614 292 147

138 363 275 418 Ὄγκα
305 364 392 420 (vel
415 365 566 419 Ὄγγα,
594 364 652 406 ita
680 362 791 406 enim
820 362 1061 420 legendum,
1091 375 1174 402 non
1209 362 1327 415 Σίγα,
1358 369 1612 403 monuerunt

144 431 234 487 alii)
257 434 356 474 κατὰ
375 436 569 486 γλῶσσαν
592 435 670 474 τῶν
690 432 888 474 Φοινίκων
913 433 1106 480 καλεῖται,
1129 429 1192 470 καὶ
1218 430 1264 471 οὐ
1291 428 1387 472 Σάϊς
1417 430 1515 470 κατὰ
1540 427 1612 479 τὴν

147 501 371 553 Αἰγυπτίων
391 499 540 554 φωνήν.
574 500 795 542 STANL.

203 568 279 621 πρὸ
298 566 472 624 πόλεως]
497 569 562 609 Sc.
583 583 679 624 quae
698 567 741 608 in
763 567 918 624 templo
937 574 1033 608 ante
1053 566 1261 608 civitatem
1282 564 1442 606 colitur.
1486 563 1612 605 Scho-

146 635 283 677 liastes
305 635 519 692 Sophoclis
539 635 644 677 OEd.
670 636 725 676 T.
750 647 845 678 20.:
877 635 944 676 δύο
977 635 1062 687 ἱερὰ
1089 635 1134 676 ἐν
1164 636 1249 676 ταῖς
1273 632 1433 684 Θήβαις
1462 633 1612 685 ἵδρυται

146 704 192 761 τῇ
221 703 384 758 Ἀθηνᾷ,
406 703 450 744 τὸ
469 704 544 755 μὲν
562 702 754 757 Ὀγκαίας
776 701 854 758 (ita
881 700 1157 749 scribendum,
1180 715 1263 741 non
1286 701 1470 755 Οἶκαίας)
1493 699 1537 740 τὸ
1569 701 1612 740 δὲ

144 770 356 823 Ἰσμηνίας.
417 771 636 812 Pausaniae
664 779 786 812 aetate
816 779 980 812 tantum
1010 785 1083 811 ara
1112 769 1190 811 sub
1210 768 1295 819 dio,
1316 783 1366 810 eo
1391 767 1482 824 ipso
1505 766 1610 817 loco,

145 854 231 895 quo
251 839 325 880 bos
353 838 459 880 fessa
488 838 713 895 procubuit
741 847 784 880 et
807 837 1030 889 Cadmum,
1052 847 1101 880 ut
1127 839 1273 880 urbem
1304 836 1514 886 conderet,
1539 835 1612 878 ad-

144 906 320 949 monuit.
355 907 578 948 STANL.

207 977 259 1017 16
259 985 302 1030 5.
324 975 520 1030 ἐπιρρύου]
544 976 702 1028 ε’πιρύου
722 974 855 1016 codex
876 975 1048 1016 Barocc.
1068 983 1112 1015 et
1130 973 1233 1015 Ald.

207 1043 447 1098 166—173.
471 1042 554 1084 His
574 1043 761 1084 versibus
782 1043 1032 1099 respondent
1058 1041 1296 1095 174—181.

209 1112 302 1152 166.
329 1111 562 1166 παναλκεῖς]
592 1115 805 1165 παναρκεῖς
834 1112 899 1152 Μ.
929 1110 1209 1167 superscripto
1243 1115 1271 1150 λ
1300 1124 1326 1150 a
1358 1125 1411 1150 m.
1444 1125 1539 1159 rec„
1571 1119 1612 1151 et

147 1178 258 1221 varia
277 1178 399 1220 lectio
419 1178 460 1219 in
484 1179 534 1220 B.

209 1246 301 1287 168.
322 1246 462 1302 τᾶσδε]
486 1244 608 1287 τᾶσδέ
627 1262 675 1298 γε
696 1246 762 1287 Μ.

207 1314 301 1367 169.
327 1313 552 1368 δορίπονον]
583 1314 802 1366 δορύπονον
820 1329 916 1371 pars
939 1313 1127 1355 codicum
1148 1323 1190 1355 et
1212 1313 1314 1355 Ald.
1338 1313 1449 1355 Rob.
1473 1314 1611 1355 Turn.

147 1381 315 1423 Primus
333 1381 514 1423 correxit
537 1382 681 1438 Steph.

207 1458 302 1500 170.
338 1449 585 1505 ἑτεροφώνῳ]
623 1448 865 1501 Scholiasta,
900 1452 953 1506 τῷ
988 1450 1041 1502 μὴ
1074 1449 1358 1501 βοιωτιάζοντι.
1406 1449 1539 1500 ἐπειδὴ
1570 1451 1613 1491 δὲ

138 1515 342 1568 ’Έλληνες
361 1518 424 1558 καὶ
445 1518 483 1558 οἱ
500 1516 690 1572 Ἀργεῖοι,
711 1517 781 1559 οὐκ
809 1517 920 1560 εἶπεν
939 1518 1263 1573 βαρβαροφώνῳ.
1317 1519 1414 1558 Non
1443 1532 1613 1574 respon-

146 1584 218 1625 det
248 1583 315 1626 hic
345 1599 486 1626 versus
520 1584 817 1642 antistrophico
855 1597 950 1640 179.
983 1586 1197 1638 μελόμενοι
1231 1585 1263 1627 δ’
1297 1586 1478 1640 ἀρήξατε.
1529 1585 1614 1627 Cui

147 1652 248 1693 vitio
267 1652 342 1693 etsi
361 1652 481 1693 facile
501 1653 557 1694 sic
578 1653 733 1694 mederi
754 1653 848 1695 licet
870 1663 916 1695 ut
944 1656 1255 1707 ἑτεροφωνοῦντι
1276 1657 1430 1711 στρατῷ
1462 1654 1614 1695 scriba-

148 1730 232 1770 tur,
265 1720 521 1777 probabilius
552 1730 687 1762 tamen
715 1721 862 1777 judico
899 1723 1131 1778 ἑτεροφώνῳ
1164 1722 1270 1764 alius
1301 1738 1388 1764 esse
1423 1722 1614 1779 adjectivi

147 1788 364 1845 glossema.
397 1787 684 1841 ἑτεροβάγμονι
703 1788 876 1844 conjecit
898 1790 1182 1831 Hermannus.

212 1868 304 1910 171.
329 1855 650 1910 κλύετε-λιτάς]
673 1856 782 1898 Haec
801 1856 844 1897 in
866 1872 995 1898 unum
1018 1873 1184 1899 versum
1204 1858 1487 1904 contrahenda
1507 1858 1615 1915 pari—

151 1933 297 1980 terque
315 1923 360 1964 in
378 1921 652 1978 antistrophe.

207 1993 417 2035 πανδίκονς
445 1990 605 2032 codices
633 1990 822 2047 plerique
851 2007 948 2033 cum
978 1993 1088 2034 Rob.
1114 1993 1259 2050 Steph.
1311 1993 1615 2034 Revocandum

150 2060 264 2118 quod
294 2061 337 2102 in
366 2060 456 2102 aliis
474 2071 516 2101 et
535 2059 638 2101 Ald.
661 2061 798 2101 Turn.
818 2069 880 2102 est
899 2062 1106 2105 πανδίκως.
1152 2066 1178 2086 “
1198 2062 1318 2102 Infra
1338 2063 1437 2117 667.
1454 2060 1513 2103 'H
1535 2060 1613 2113 δῆτ’

150 2129 201 2171 ἂν
221 2131 279 2181 εἵη
298 2129 493 2171 πανδίκως
511 2128 779 2181 ψευδώνυμος.
826 2128 1016 2185 Choeph.
1040 2142 1136 2184 239.
1157 2130 1354 2173 πανδίκως
1375 2131 1614 2184 ἐχθαίρεται.

149 2195 249 2238 ibid.
280 2198 380 2252 679.
411 2197 606 2239 πανδίκως
632 2195 892 2248 μεμνημένος.
947 2196 1097 2254 Suppl.
1128 2211 1230 2251 414.
1265 2202 1386 2251 γενοῦ
1420 2199 1616 2241 πανδίκως

151 2265 321 2317 εὐσεβὴς
338 2263 563 2317 πρόξενος.”
593 2263 825 2305 BLOMF.

212 2342 308 2387 175.
326 2330 359 2373 τ’
380 2330 543 2372 addidit
564 2330 773 2372 Seidlerus
792 2331 845 2373 de
866 2347 968 2374 vers.
990 2332 1156 2375 dochm.
1178 2349 1219 2390 p.
1241 2335 1335 2375 186.

208 2399 471 2454 ἀμφιβάντες]
502 2398 775 2440 Homericum
801 2399 845 2444 ὃς
865 2401 1028 2454 Χρύσην
1048 2401 1330 2454 ἀμφιβέβηκας
1359 2401 1617 2458 comparavit

151 2465 380 2508 scholiasta.

213 2544 307 2588 177.
328 2534 541 2587 φιλοπόλις
560 2530 662 2572 Ald.
708 2534 966 2584 φιλοπόλιδες
987 2534 1042 2574 L.
1085 2534 1322 2587 φιλοπόλιες
1342 2534 1453 2575 Rob.
1476 2535 1614 2575 Turn.

151 2610 207 2652 et,
228 2610 276 2642 ut
295 2600 474 2650 videtur,
496 2598 656 2642 codices
685 2598 886 2656 plerique.
948 2600 1222 2643 Scribendum
1253 2602 1492 2655 φιλοπόλεις
1518 2616 1614 2643 cum

154 2667 474 2711 Wunderlichio
493 2683 534 2724 p.
554 2679 620 2722 29.

213 2737 305 2791 178.
339 2734 515 2788 μέλεσθέ
548 2733 582 2777 θ’
618 2735 672 2776 Β.
713 2734 790 2776 nisi
829 2736 945 2792 quod
983 2736 1186 2789 μέλλεσθε
1217 2736 1361 2778 vitiose
1400 2737 1614 2793 scriptum.

151 2805 326 2858 μέλεσθε
346 2803 377 2846 δ’
401 2804 468 2845 Μ.
488 2801 641 2858 aliique
659 2817 753 2844 cum
776 2803 887 2846 Rob.
910 2805 1049 2846 Turn.
1083 2804 1247 2857 μέλεσθ’
1268 2805 1338 2847 alii
1357 2820 1452 2847 cum
1475 2805 1579 2847 Ald.

211 2872 341 2928 ἱερῶν]
362 2873 455 2926 ἱρῶν
474 2871 528 2913 Ε.

214 2950 307 2996 179.
327 2938 560 2994 μελόμενοι]
582 2939 823 2989 μελλόμενοι
842 2938 946 2981 Ald.
969 2940 1079 2982 Rob.

215 3009 307 3051 180.
329 3010 476 3050 πόλεος
495 3006 717 3047 Porsonus.
755 3007 910 3051 πόλεως
931 3007 1038 3051 libri.

844 3089 869 3115 T
895 3088 918 3119 2
