1898 3256
684 248 774 289 AD
806 246 1057 289 PERSAS.
1522 246 1608 288 283

138 363 256 403 Zeno
284 376 351 418 ap.
387 360 502 402 Stob.
534 359 685 417 Eclog.
716 373 753 403 2.
788 375 830 416 p.
868 360 961 415 138.
994 359 1060 401 ed.
1098 361 1282 402 Heeren.
1315 362 1543 415 εὐδαιμονία
1573 361 1606 404 δ’

137 431 248 472 ἐστὶν
277 431 410 483 εὔροια
439 431 545 482 βίου.
586 428 855 486 Phrynichus
879 429 1090 485 Apparat.
1125 428 1307 485 Sophist.
1339 444 1381 486 p.
1411 442 1479 483 29.
1511 431 1607 472 Βίου

137 499 280 551 εὔροια.
310 499 335 550 ἡ
366 498 593 550 εὐδαιμονία
625 498 688 539 καὶ
716 497 888 552 εὐτυχία,
923 498 1031 550 παρὰ
1056 497 1101 537 τὸ
1133 501 1260 541 καλῶς
1284 499 1371 551 ῥεῖν
1399 498 1469 539 τὸν
1497 499 1605 550 βίον.

135 565 234 608 Vid.
269 566 467 608 Gataker.
497 565 549 606 ad
586 566 651 606 M.
684 565 888 606 Antonin.
924 578 963 615 2,
990 579 1032 620 5.
1068 579 1110 620 p.
1160 575 1230 620 59.
1264 565 1518 607 Valckenaer.
1553 567 1608 608 ad

134 633 262 676 schol.
296 634 338 675 in
370 633 521 690 Eurip.
555 633 758 674 Phoeniss.
794 648 838 690 p.
865 647 938 688 49.
976 632 1147 674 Pindar.
1179 634 1248 675 Ol.
1280 646 1317 675 2.
1349 635 1418 676 62.
1450 635 1538 688 ῥοαὶ
1574 635 1606 676 δ’

134 701 271 744 ἄλλοτ’
293 703 415 744 ἄλλαι
443 702 630 754 εὐθυμιᾶν
654 719 699 743 τε
726 701 828 754 μέτα
856 702 920 743 καὶ
939 700 1075 743 πόνων
1107 702 1147 745 ἐς
1176 702 1321 755 ἄνδρας
1352 702 1467 753 ἔβαν.
1512 703 1607 743 Me-

132 770 293 812 nander
321 785 387 826 ap.
422 770 541 811 Stob.
575 781 669 825 105.
702 785 744 826 p.
769 782 866 825 437.
899 770 944 811 τὸ
975 772 1044 821 τῆς
1074 771 1208 824 Τύχης
1236 773 1313 824 γὰρ
1339 772 1464 824 ῥεῦμα
1490 788 1607 823 μετα-

132 839 265 880 πίπτει
293 839 406 893 ταχύ.
459 836 626 879 Sallust.
653 839 706 879 Β.
728 839 773 879 J.
794 852 834 891 4.
856 839 1000 880 Re-bus
1029 853 1166 895 supra
1197 845 1337 881 votum
1351 841 1606 896 fluentibus.

135 908 352 950 BLOMF
359 939 369 949 .

193 977 290 1021 602.
312 977 374 1018 ἀεὶ
395 975 639 1032 Cantabrig.
662 975 778 1017 alter.
812 974 1083 1017 scribebatur
1102 977 1192 1017 αἰεί.

190 1045 325 1101 τύχης]
346 1046 468 1100 τύχας
489 1043 778 1086 Blomfieldus.

193 1115 292 1169 603.
326 1113 569 1164 Scholiasta,
600 1114 705 1156 τινὲς
732 1114 775 1154 δὲ
806 1114 861 1156 εἷς
886 1112 931 1153 τὸ
961 1112 1069 1154 πλέα
1094 1113 1295 1163 στίζοντες
1322 1113 1374 1157 ὦς
1405 1114 1447 1165 ἐξ
1478 1114 1608 1165 ἄλλης

135 1182 259 1236 ἀρχῆς
276 1185 392 1224 τοῦτο
414 1181 725 1230 συντάσσουσιν,
748 1183 780 1223 τ’
802 1183 944 1223 ἀνταῖα
963 1181 1166 1235 λέγοντες,
1185 1182 1271 1223 οἷον
1293 1182 1337 1223 ἐν
1357 1186 1438 1225 τοῖς
1456 1183 1607 1234 ὄμμασι

133 1251 184 1290 τὰ
202 1253 280 1291 τῶν
301 1252 402 1291 θεῶν
423 1251 585 1291 ἐναντία
605 1252 802 1303 φαίνεται.

193 1318 289 1369 604.
311 1319 495 1373 τάνταῖα]
514 1319 721 1359 Adversa.
742 1316 927 1374 Hesych.
947 1316 1126 1358 Ἀνταία.
1157 1317 1331 1365 ἐναντία,
1351 1316 1508 1360 ἶκέσιος.
1532 1318 1607 1357 Αἷ-

135 1386 287 1439 σχύλος
317 1386 597 1438 Σεμέλῃ-καὶ
626 1386 698 1438 τὴν
716 1385 889 1438 Ἑκάτην
917 1387 960 1427 δὲ
981 1384 1173 1427 Ἀνταίαν
1197 1386 1404 1439 λέγουσιν,
1432 1385 1509 1427 ἀπὸ
1538 1389 1608 1427 τοῦ

136 1453 370 1506 ἐπιπέμπειν
397 1455 526 1496 ἄντια.
578 1454 714 1505 Idem,
745 1453 945 1502 Ἀνταίας,
967 1455 1174 1507 πολεμίας,
1206 1456 1363 1509 ἐχθρᾶς.
1395 1456 1608 1507 Σοφοκλῆς

135 1524 333 1578 Πολυίδῳ.
390 1523 442 1564 In
475 1522 691 1579 Sophoclis
719 1522 1053 1579 Clytaemnestrae
1082 1522 1319 1579 fragmento
1348 1538 1416 1579 ap.
1441 1522 1607 1564 Erotia-

134 1604 252 1640 num,
274 1605 351 1646 pro
370 1591 513 1633 ἄντεον
533 1590 755 1647 legendum
779 1592 956 1632 ἀνταῖον.
989 1591 1222 1634 BLOMF.

193 1660 291 1714 605.
324 1660 538 1715 Παιώνιος]
561 1659 846 1701 Medicabilz's:
890 1658 1028 1700 Schol.
1060 1660 1106 1700 οὐ
1125 1660 1327 1707 παιώνιος,
1350 1660 1460 1701 ἀλλὰ
1479 1663 1607 1714 φθαρ-

135 1728 253 1770 τικός.
288 1727 503 1784 (Anche,
525 1743 580 1768 ηο
599 1727 798 1783 soothz‘wg
814 1727 985 1780 somzd.)
1017 1727 1204 1784 Hesych.
1228 1728 1432 1769 Παιώνιον
1451 1727 1609 1781 φάρμα-

136 1811 218 1841 κον,
242 1798 467 1836 καταπαῦον
488 1797 643 1839 ὀδύνας.
689 1796 845 1851 Agam.
871 1796 967 1851 849.
994 1796 1212 1850 φαρμάκων
1232 1796 1443 1837 παιωνίων.
1481 1807 1605 1837 1200.

137 1863 216 1904 Καὶ
253 1867 334 1906 πῶς
368 1863 418 1904 ἂν
453 1864 570 1917 ὅρκου
607 1866 743 1916 πῆγμα
783 1865 975 1916 γενναίως
1012 1865 1143 1918 παγὲν
1186 1864 1388 1905 Παιώνιον
1422 1863 1578 1917 γένοιτο
1594 1882 1605 1912 ;

139 1930 289 1987 Suppl.
321 1932 442 1983 1064.
472 1932 587 1984 Χειρὶ
616 1933 785 1986 παιωνίᾳ
816 1934 1088 1986 κατασχεθών.
1135 1933 1289 1973 Noster
1319 1931 1458 1988 Mysis
1491 1932 1608 1988 apud

136 1998 336 2040 Photium
358 2007 400 2039 et
427 1998 544 2039 Suid.
567 2013 606 2040 v.
628 1997 863 2052 Ὀργεῶνες.
914 2003 1104 2053 Ποταμοῦ
1135 2003 1283 2042 Καϊκοῦ
1311 2004 1428 2054 χαῖρε
1457 2005 1608 2054 πρῶτος

136 2068 301 2121 ὀργεὼν,
324 2067 476 2120 Εὐχαῖς
496 2068 539 2108 δὲ
560 2067 697 2115 σώζοις
717 2068 914 2111 δεσπότας
933 2070 1150 2112 παιωνίαις.
1184 2069 1415 2109 BLOMF.

194 2137 293 2189 607.
315 2133 346 2175 τ’
367 2134 530 2176 addunt
552 2135 736 2175 A.B.M.
757 2134 926 2192 aliique,
948 2151 1029 2177 om.
1051 2136 1240 2178 nonnulli
1257 2152 1351 2179 cum
1370 2136 1473 2178 Ald.
1494 2137 1606 2179 Rob.

138 2206 277 2246 Turn.

194 2275 290 2328 609.
314 2272 490 2327 ἔστειλα]
520 2271 760 2325 ε’στειλάμην
780 2272 894 2314 Rob.
944 2273 1107 2315 ἔστειλα
1127 2275 1179 2330 τῷ
1201 2284 1402 2330 quattuor
1421 2274 1543 2316 codd.
1567 2284 1608 2316 et

137 2341 240 2384 Ald.
265 2343 403 2382 Turn.
437 2341 646 2381 ἐστείλατο
670 2341 737 2380 Μ.

191 2410 329 2453 παιδὸς
347 2409 464 2461 πατρὶ
483 2408 728 2463 πρευμενεῖς]
758 2410 876 2461 πατρὶ
897 2409 1035 2452 παιδὸς
1056 2410 1231 2460 εὐμενεῖς
1251 2412 1310 2451 A.
1331 2410 1484 2466 aliique
1505 2425 1607 2451 non-

137 2477 253 2520 nulli.

193 2548 292 2588 610.
321 2544 580 2600 μειλικτήρια]
603 2544 794 2600 Choeph.
821 2559 886 2586 11.
919 2543 943 2596 ἢ
973 2546 1092 2598 πατρὶ
1116 2545 1228 2600 τώμῷ
1258 2543 1368 2585 τάσδ’
1393 2545 1607 2589 ἐπεικάσας

135 2616 240 2670 τύχω
269 2617 380 2658 Χοᾶς
410 2615 624 2667 φερούσας,
656 2612 853 2667 νερτέροις
882 2614 1143 2666 μειλίγματα;
1177 2611 1275 2653 ibid.
1307 2613 1403 2665 276.
1432 2613 1605 2665 δυσφρό-

139 2701 218 2725 νων
254 2683 507 2736 μειλίγματα.
559 2682 741 2722 Eunien.
780 2694 849 2735 97.
889 2680 990 2734 χοάς
1027 2679 1058 2720 τ’
1092 2681 1260 2727 ἀοίνους,
1304 2679 1482 2732 νηφάλια
1519 2697 1603 2731 μει-

137 2752 326 2805 λίγματα.
374 2751 480 2800 Qua*
500 2747 567 2789 hic
587 2763 725 2789 secum
747 2748 827 2789 fert
850 2750 1018 2797 Atossa,
1040 2748 1153 2802 apud
1175 2746 1327 2803 Eurip.
1352 2748 1487 2788 Orest.
1510 2761 1604 2803 123.

138 2827 341 2862 vocantur
362 2818 518 2859 ἅπαντα
538 2815 729 2868 νερτέρων
750 2815 968 2868 δωρήματα.
1013 2815 1234 2855 Libamina
1256 2814 1430 2855 mortuis
1449 2815 1605 2857 fiebant

140 2904 191 2930 ex
218 2888 330 2938 vino,
351 2886 469 2937 lacte,
491 2884 597 2933 oleo,
624 2882 744 2923 melle
770 2893 811 2923 et
839 2898 972 2939 aqua3
1006 2898 1184 2938 quorum
1217 2881 1351 2938 prima
1378 2883 1532 2923 mentio
1558 2883 1605 2925 fit

139 2957 182 2998 in
204 2955 326 2998 Iliad.
347 2959 397 2996 Ψ.
421 2966 515 3007 219.
538 2950 711 3006 χρυσέου
733 2951 776 2991 ἐκ
798 2953 995 3003 κρητῆρος,
1019 2951 1124 3004 ἔχων
1144 2950 1264 2993 δέπας
1285 2951 1604 3003 ἀμφικύπελλον,

139 3025 265 3067 Οἶνον
285 3021 571 3076 ἀφυσσάμενος
597 3017 765 3073 χαμάδις
790 3016 875 3071 χέε,
898 3020 986 3059 δεῦε
1007 3019 1050 3059 δὲ
1068 3022 1201 3071 γαῖαν,
1223 3018 1361 3072 Ψυχὴν
1382 3017 1604 3069 κικλήσκων

804 3098 832 3125 N
859 3101 884 3127 n
910 3101 932 3130 2
