1898 3256
322 199 409 239 310
797 199 1290 240 ANNOTATIONES

324 307 408 358 ἤτοι
429 308 545 349 νύκτα
565 308 627 349 καὶ
648 308 816 350 θάνατον
838 313 1045 362 γεγονυῖαν
1066 309 1204 355 αὐτοῖς,
1228 310 1281 352 εἰς
1300 308 1535 360 δυσδαίμονά
1559 326 1601 350 τε
1624 310 1756 361 ἀκτὴν,

325 373 445 426 ἤγουν
466 374 534 425 τὴν
550 379 754 426 Σαλαμῖνα
776 375 878 427 (imo
897 375 1145 431 Psyttaleam
1165 391 1174 416 ε
1207 376 1289 417 vid.
1309 376 1375 417 ad.
1400 391 1434 415 v.
1455 377 1589 429 447.).

383 450 481 495 950.
513 442 770 496 ναύφρακτος]
797 442 1062 483 Scribendum
1094 442 1347 495 ναύφαρκτος.
1408 443 1455 483 V.
1476 442 1529 483 ad
1557 443 1669 498 Sept.
1691 443 1758 496 63.

323 515 364 546 et
383 506 436 546 ad
457 506 675 563 Aristoph.
698 508 883 549 Acharn.
907 520 974 562 95.

381 582 477 627 951.
499 574 726 630 ἑτεραλκής]
748 575 858 615 Aliis
877 575 1113 631 opitulatus.
1138 576 1308 615 Homer.
1333 574 1449 615 Iliad.
1475 579 1527 615 H.
1549 576 1612 615 26.
1633 572 1759 627 μάχης

324 639 536 692 ἑτεραλκέα
562 641 682 692 νίκην.
710 640 782 682 ubi
813 641 935 682 schol.
958 642 1101 682 Vener..
1128 642 1245 684 οὕτως
1270 641 1293 692 ἡ
1314 643 1397 692 νίκη
1416 640 1587 693 λέγεται,
1609 642 1704 681 ὅταν
1724 641 1761 680 οἳ

324 709 503 748 νικῶντες
536 711 726 749 νικῶνται.
772 706 795 758 ἢ
830 706 1028 749 ἀνάπαλιν
1062 709 1106 749 ἐν
1137 709 1259 762 ἄλλῳ,
1295 707 1493 763 (intellige
1522 708 1668 763 Λεξικῷ
1695 706 1760 747 vel

324 767 608 822 ’Ύπομνήματή
631 771 701 822 τὴν
726 775 806 815 τοῖς
835 771 979 824 ἑτέροις
1007 772 1132 823 ἀλκὴν
1162 774 1224 814 καὶ
1254 773 1416 824 δύναμιν
1444 772 1707 826 παρέχουσαν·
1736 771 1760 823 ἢ

324 835 419 876 ὅταν
439 837 476 876 οἳ
494 836 626 888 πρώην
645 837 865 888 νικηθέντες
885 837 1083 889 νικήσωσι.
1114 839 1342 879 BLOMF.

379 911 476 956 954.
512 902 809 958 οἲ-ἐκπεύθου]
846 903 981 945 Xerxi
1017 904 1204 945 tribuunt
1237 903 1351 946 libri:
1395 904 1507 945 chori
1542 918 1627 945 esse
1658 903 1759 944 vidit

324 968 625 1009 Lachmannus.

380 1033 417 1075 οἳ
456 1034 493 1075 οἲ
532 1034 588 1090 οἲ]
629 1037 747 1076 οἰοιοῖ
788 1036 1045 1078 scribendum
1091 1052 1175 1078 esse
1218 1053 1268 1078 ex
1306 1045 1512 1093 praecepto
1548 1036 1760 1093 Apollonii

325 1099 495 1156 Dyscoli
515 1100 672 1141 ostendi
693 1101 746 1142 ad
768 1101 981 1158 Aristoph.
1006 1104 1102 1144 Pac.
1126 1115 1221 1157 257.

380 1167 583 1222 ἐκπεύθου]
629 1169 805 1209 ἐκπεύθοι
840 1170 905 1208 Μ.
949 1170 1135 1211 ἐκπεύθου
1167 1169 1456 1225 significatione
1490 1168 1648 1225 passiva
1678 1167 1761 1209 die-

325 1242 413 1274 tum
448 1248 533 1274 esse
566 1236 841 1290 interrogare,
867 1236 957 1276 Sine
982 1238 1121 1276 omnia
1150 1250 1201 1277 eoe
1226 1242 1263 1277 te
1291 1238 1437 1292 quaeri,
1460 1235 1616 1276 monuit
1648 1236 1758 1275 Her-

324 1314 512 1340 mannus.

380 1377 476 1421 955.
506 1369 581 1408 ποῦ
609 1368 667 1422 δὲ]
694 1371 768 1408 ποῦ
796 1384 860 1408 σοι
881 1368 991 1408 Rob.
1022 1372 1096 1409 ποῦ
1123 1368 1168 1419 δὴ
1190 1367 1331 1409 Guelf.
1351 1383 1445 1423 quae
1466 1368 1497 1408 si
1518 1382 1612 1408 vera
1632 1367 1758 1422 scrip-

324 1442 417 1473 tura
435 1442 509 1483 est,
530 1433 571 1473 in
594 1448 710 1474 versu
732 1433 1024 1490 antistrophico
1044 1436 1137 1488 967.
1158 1434 1409 1487 Ἀριόμαρδος
1427 1435 1468 1475 in
1487 1434 1759 1486 Ἀρειόμαρδος

324 1500 401 1541 erit
421 1499 679 1542 mutandum.

379 1567 504 1611 ἄλλος
521 1581 602 1607 om.
625 1567 734 1608 Rob.

378 1635 475 1688 956.
497 1634 539 1674 δὲ
559 1633 623 1673 σοὶ
644 1634 865 1674 Porsonus.
916 1635 1163 1675 Revocanda
1178 1633 1358 1690 priorum
1379 1632 1603 1673 editionum
1626 1632 1755 1687 scrip-

319 1710 412 1741 tura
445 1699 488 1741 δέ
521 1717 601 1740 σοι.
645 1702 721 1740 ποῦ
751 1699 795 1740 δέ
833 1717 897 1741 σοι
927 1702 1056 1752 φίλων
1095 1702 1216 1753 ὄχλος
1254 1699 1372 1740 lectio
1411 1698 1666 1752 interpolata,
1706 1699 1757 1739 ab

329 1766 537 1822 Stephano
556 1775 789 1807 memorata.

380 1832 644 1888 παραστάται]
666 1832 926 1885 παραστάτης,
951 1834 1032 1880 Qui
1047 1834 1238 1888 proxime
1258 1832 1408 1873 adstat.
1446 1831 1542 1872 Vox
1564 1831 1756 1872 militaris.

326 1901 430 1942 Lex.
450 1898 682 1940 Coislinian.
704 1915 744 1955 p.
759 1900 855 1953 506.
877 1898 1132 1951 παραστάται·
1164 1901 1201 1939 οἱ
1220 1898 1399 1950 ὁμόζυγοι
1413 1901 1489 1938 τῶν
1507 1899 1640 1951 λόχων
1659 1915 1758 1951 πρω-

326 1966 508 2007 τοστάται
528 1968 590 2008 καὶ
611 1965 826 2016 ἐπιστάται,
847 1968 909 2006 διὰ
925 1966 969 2006 τὸ
988 1966 1075 2018 παρ’
1097 1965 1287 2016 ἀλλήλοις
1305 1966 1502 2007 ἵστασθαι.
1541 1964 1653 2006 [dem
1673 1965 1758 2006 fere

325 2047 372 2074 ac
390 2034 662 2085 παρασπιστῆς
681 2031 745 2073 vel
764 2031 1024 2083 ὑπασπιστής.
1055 2032 1281 2072 BLOMF.

381 2100 476 2153 958.
499 2100 670 2153 Σούσας]
694 2100 843 2141 Σούδας
861 2098 960 2139 Ald.
985 2099 1119 2138 Turn.

382 2165 597 2218 Πελάγων]
623 2165 684 2205 καὶ
705 2164 902 2216 Πελάγων
921 2165 1030 2205 Rob.

381 2242 478 2286 959.
500 2235 580 2272 Δο-
602 2230 712 2271 Rob.
745 2231 807 2271 καὶ
828 2235 905 2271 Δο-
925 2230 1017 2271 libri
1038 2230 1197 2285 reliqui.

382 2296 581 2351 Δοτάμας]
607 2296 789 2349 Δομάτας
809 2298 858 2338 C.
886 2306 926 2337 et
952 2314 1014 2349 γρ.
1038 2297 1085 2336 Β.
1119 2293 1308 2347 Δομάσας
1334 2296 1470 2336 Turn.
1502 2296 1657 2346 Δότμας
1677 2296 1757 2336 Pa-

323 2365 471 2406 risinus
491 2378 608 2405 unus.

378 2428 629 2484 Ἀγδαβάτας
648 2429 884 2485 Cantabrig.
906 2429 1061 2485 primus
1079 2438 1120 2470 et
1141 2428 1248 2469 Rob.
1271 2426 1499 2480 Αἰγαβάτας
1516 2427 1618 2469 Ald.
1639 2427 1758 2480 Ἀγα-

322 2497 447 2548 βάτας
467 2499 530 2538 Μ.
552 2506 593 2538 et
612 2497 781 2548 codices,
803 2505 850 2538 ut
869 2496 1043 2547 videtur,
1065 2495 1249 2551 plerique
1268 2509 1361 2535 cum
1385 2495 1518 2535 Turn.

378 2563 548 2618 Ψάμμις]
570 2563 730 2615 Ψάμμης
751 2563 894 2604 Guelf.

379 2633 476 2684 960.
502 2630 769 2681 Σουσισκάνης
789 2630 1019 2671 A.B.C.M.
1045 2629 1194 2684 aliique
1223 2636 1264 2669 et
1283 2627 1382 2669 Ald.
1406 2628 1541 2668 Turn.
1574 2627 1634 2667 καὶ
1655 2630 1752 2668 Σου-

323 2696 508 2748 σισκάνης
528 2696 640 2737 Rob.

379 2766 475 2817 961.
505 2762 535 2803 τ’
565 2762 796 2816 Ἀγβάτανα
828 2763 890 2803 Μ.
927 2761 1039 2817 quod
1072 2761 1113 2801 in
1148 2763 1219 2802 τᾶν
1251 2759 1407 2812 βάτανα
1439 2767 1677 2814 corruptum
1713 2758 1753 2798 in

322 2830 506 2871 Parisino
535 2844 631 2870 uno.
661 2828 691 2869 τ’
717 2828 933 2880 ἆκβάτανα,
957 2838 1002 2869 ut
1022 2828 1138 2878 Ald.,
1164 2827 1228 2868 vel
1257 2824 1495 2877 τᾶκβάτανα,
1525 2834 1572 2866 ut
1602 2825 1750 2874 Tum,

320 2896 476 2938 codices
505 2895 699 2951 plerique.
731 2894 763 2934 τ’
785 2894 965 2946 ἐκβάταν’
988 2895 1095 2935 Rob.
1157 2893 1336 2934 Literam
1368 2891 1399 2931 τ’
1424 2906 1505 2932 non
1534 2890 1750 2936 articulum
