1898 3256
312 221 396 261 230
782 222 1274 263 ANNOTATIONES

309 347 388 387 gus
415 340 455 372 et
477 331 699 381 Timonax,
723 332 899 373 Caribus
919 333 1130 380 Histiaeus,
1154 333 1311 388 PigreS,
1331 342 1372 374 et
1392 334 1742 390 Damasithymus.

313 400 497 448 Quorum
543 398 751 438 nominum
792 398 1032 454 paucissima
1075 399 1187 454 apud
1228 399 1471 455 AEschylum
1511 412 1742 442 occurrunt.

314 466 462 519 Neque
489 479 585 504 vero
615 466 743 505 multa
773 479 865 505 eum
890 465 1068 505 omisisse
1094 465 1323 506 mirandum
1354 476 1471 516 esset,
1504 476 1645 522 utpote
1674 467 1746 522 qui

314 530 568 586 tragoediam,
590 546 668 571 non
693 531 898 571 historiam
920 531 1134 580 scriberet;
1166 532 1236 572 sed
1256 532 1332 573 hoc
1349 541 1482 573 tamen
1504 533 1650 573 mirum
1673 544 1746 582 est,

316 597 558 651 AEschylum
590 597 718 638 multa
751 597 902 637 ducum
931 597 1095 638 nomina
1128 613 1364 649 memorare,
1391 614 1566 654 quorum
1594 599 1746 639 nullam

317 664 556 704 Herodotus
586 664 828 704 mentionem
858 663 1010 704 fecerit.
1070 665 1165 708 Qua
1193 665 1357 720 quidem
1390 681 1434 706 re
1460 665 1641 706 adducor
1666 665 1750 705 fere

316 729 367 771 ad
390 730 693 786 suspicandum,
715 739 877 784 poetam
902 739 1100 780 nostrum,
1123 741 1170 771 ut
1191 731 1413 772 scholiastae
1433 746 1599 786 quoque
1618 731 1747 771 visum

317 806 390 845 est,
411 795 605 851 pleraque
624 795 693 835 illa
712 795 863 836 ducum
887 795 1050 837 nomina
1069 805 1215 852 suopte
1234 797 1396 852 ingenio
1415 798 1590 838 finxisse.

375 861 536 902 Deinde
564 861 605 901 in
635 861 765 900 causis
794 861 1061 915 expeditionis
1089 878 1113 903 a
1142 864 1284 904 Xerxe
1314 873 1512 918 susceptae
1542 864 1750 904 tradendis

317 927 496 969 historiae
515 927 723 968 veritatem
744 927 949 983 paulisper
969 928 1124 969 inflexit
1145 930 1379 985 AEschylus.
1441 930 1554 970 Nihil
1570 930 1676 971 enim
1698 931 1750 970 de

320 994 435 1035 Darii
466 993 631 1035 consilio
653 993 853 1034 Graeciam
887 1009 992 1034 novo
1020 994 1127 1035 bello
1155 996 1438 1050 persequendi,
1458 996 1748 1037 Athenienses-

319 1076 400 1116 que
431 1059 649 1101 ulciscendi
678 1059 846 1100 tradidit
874 1060 1032 1101 Herod.
1066 1062 1123 1113 (6,
1151 1064 1225 1113 4.),
1257 1063 1368 1117 quod
1391 1062 1458 1103 ille
1486 1071 1751 1103 exsecuturus

319 1135 419 1176 erat,
450 1126 524 1166 nisi
555 1135 683 1165 morte
713 1126 964 1181 praepeditus
993 1126 1148 1167 fuisset.
1208 1129 1267 1168 Et
1297 1142 1547 1182 quamquam
1579 1142 1620 1167 ν.
1654 1139 1750 1178 244.

322 1192 484 1234 Chorici
514 1207 626 1232 senes
645 1182 770 1232 cladis
795 1207 819 1232 a
840 1192 968 1232 Dario
987 1192 1098 1247 apud
1122 1194 1408 1234 Marathonem
1439 1202 1614 1248 acceptae
1634 1194 1752 1247 quasi

320 1267 612 1315 praetereuntes
641 1258 883 1298 mentionem
908 1258 1107 1312 injiciunt,
1130 1267 1262 1300 tamen
1284 1270 1324 1300 et
1344 1260 1477 1315 ipsum
1496 1259 1599 1300 illud
1619 1259 1752 1300 claris-

321 1326 465 1366 simum
489 1324 747 1365 Marathonis
767 1338 911 1364 nomen
940 1324 1097 1364 silentio
1122 1334 1280 1380 tegunt,
1303 1335 1343 1366 et
1362 1326 1456 1366 alibi
1478 1326 1533 1366 sic
1552 1325 1603 1366 de
1624 1326 1753 1366 Dario

322 1393 563 1448 loquuntur,
585 1391 700 1447 quasi
731 1406 888 1446 semper
916 1391 981 1431 ille
1010 1391 1185 1432 invictus
1205 1392 1441 1443 discesserit,
1463 1407 1535 1433 nec
1558 1407 1751 1447 umquam

325 1475 419 1515 quae
439 1459 665 1514 incepisset,
687 1458 844 1498 sinistre
871 1458 906 1497 ei
932 1457 1151 1498 evenerint.
1211 1459 1449 1500 Herodotus
1478 1473 1600 1514 porro
1620 1458 1754 1498 Xerxi

325 1527 503 1582 primum
520 1525 699 1566 animum
721 1540 745 1564 a
765 1524 871 1565 bello
892 1524 1065 1564 Graeciae
1094 1523 1306 1564 inferendo
1324 1524 1498 1565 alienum
1518 1524 1641 1564 fuisse
1662 1539 1753 1564 nar-

327 1602 389 1632 rat
411 1594 470 1645 (7,
491 1593 579 1645 5.);
612 1599 704 1646 post
729 1605 821 1631 eum
852 1606 876 1631 a
907 1589 1126 1631 Mardonio
1145 1589 1368 1640 incitatum,
1389 1591 1540 1631 frustra
1559 1590 1756 1631 renitente

329 1658 558 1708 Artabano,
589 1656 799 1698 consilium
833 1657 983 1712 cepisse
1018 1656 1110 1696 belli
1143 1657 1341 1712 gerundi;
1379 1657 1497 1712 cujus
1535 1671 1627 1697 cum
1662 1671 1753 1697 eum

330 1724 452 1780 paulo
471 1732 564 1779 post
580 1724 726 1764 iterum
744 1723 1009 1778 poenituisset,
1030 1733 1162 1763 tamen
1179 1738 1271 1762 eum
1292 1722 1377 1763 viso
1393 1732 1590 1763 nocturno
1610 1722 1758 1777 saepius

327 1790 478 1840 oblato,
498 1789 564 1830 cui
584 1789 823 1830 Artabanus
843 1805 1008 1845 quoque
1031 1789 1282 1839 concesserit,
1303 1789 1600 1839 confirmatum,
1621 1788 1662 1829 in
1685 1788 1758 1829 hac

328 1857 525 1898 sententia
545 1856 776 1912 perstitisse,
799 1866 845 1897 ut
865 1856 939 1897 sibi
960 1854 1059 1896 nihil
1081 1854 1221 1895 utilius
1241 1870 1287 1896 ac
1306 1854 1519 1910 gloriosius
1533 1855 1620 1896 fore
1638 1864 1757 1910 puta-

329 1930 392 1964 ret
418 1937 541 1978 quam
573 1937 666 1963 cum
697 1922 1019 1963 Atheniensibus
1047 1931 1088 1962 et
1115 1921 1299 1963 universa
1321 1921 1482 1962 Graecia
1507 1920 1755 1975 belligerare.

331 1988 557 2044 AEschylus
577 2003 672 2029 vero
694 1988 829 2029 Xerxi
848 1989 997 2029 amicos
1017 1987 1210 2028 desidiam
1232 1996 1356 2042 atque
1384 1987 1586 2042 ignaviam
1614 2001 1759 2042 expro-

330 2056 480 2106 brasse,
504 2055 734 2110 horumque
752 2054 1063 2110 opprobriorum
1086 2053 1272 2104 stimulis,
1293 2053 1480 2109 exemplo
1498 2068 1663 2108 quoque
1689 2068 1759 2108 pa-

331 2124 403 2165 tris
421 2122 640 2178 proposito,
662 2136 756 2162 eum
777 2121 829 2161 ad
849 2120 1000 2160 bellum
1022 2120 1215 2160 adversus
1237 2120 1436 2161 Graeciam
1459 2119 1757 2174 suscipiendum

330 2189 524 2230 excitasse
554 2187 684 2242 fingit.
746 2188 894 2242 Itaque
924 2195 965 2228 et
995 2186 1147 2227 bellum
1181 2186 1376 2226 adversus
1410 2185 1633 2241 AEgyptios
1667 2193 1761 2225 ante

331 2270 454 2312 quam
478 2254 681 2295 Graeciam
701 2253 923 2300 invaderet,
944 2252 1113 2294 feliciter
1137 2268 1161 2292 a
1181 2253 1325 2293 Xerxe
1353 2260 1513 2306 gestum
1538 2251 1756 2303 (Herodot.

333 2333 374 2376 7,
400 2323 475 2375 5.)‚
503 2321 585 2362 alto
615 2320 726 2376 apud
759 2320 1005 2376 AEschylum
1037 2320 1193 2360 silentio
1225 2319 1437 2375 premitur.
1497 2317 1689 2372 Denique
1719 2318 1760 2358 in

333 2388 433 2429 serie
458 2402 600 2443 regum
633 2386 784 2427 Persiae
813 2386 1000 2427 ducenda
1025 2386 1279 2441 aliquantum
1309 2385 1532 2440 AEschylus
1557 2384 1609 2425 ab
1639 2385 1762 2425 histo-

333 2455 508 2495 ricorum
537 2453 809 2494 monumentis
828 2453 1012 2503 discedit,
1034 2467 1117 2508 qua
1145 2452 1197 2493 de
1226 2452 1419 2493 varietate
1449 2450 1637 2492 narrandi
1659 2450 1762 2491 dixit

336 2519 538 2562 Stanleius
557 2520 597 2560 in
619 2520 878 2561 annotatione
896 2520 947 2560 ad
969 2535 1005 2560 v.
1026 2520 1120 2574 765.

390 2589 581 2628 Personae
615 2586 809 2627 dramatis
842 2596 992 2642 praeter
1026 2586 1210 2636 chorum,
1241 2595 1419 2641 quatuor
1452 2594 1562 2634 sunt,
1595 2586 1760 2631 Atossa,

334 2653 516 2701 nuntius,
540 2652 684 2692 umbra
705 2652 835 2701 Darii,
859 2653 1035 2694 Xerxes.
1095 2653 1258 2694 Chorus
1277 2662 1434 2693 constat
1454 2651 1629 2699 senibus,
1650 2651 1761 2706 prin-

332 2720 492 2775 cipibus
522 2719 617 2759 viris
645 2728 686 2759 et
713 2734 871 2759 summo
903 2720 992 2760 loco
1026 2720 1143 2769 natiS,
1171 2719 1321 2774 quibus
1347 2719 1510 2758 Xerxes
1540 2732 1677 2758 curam
1706 2716 1763 2756 rei

335 2786 508 2840 publicae
537 2801 583 2826 ac
603 2786 833 2826 domesticae
855 2786 1181 2826 demandaverat.
1242 2787 1405 2840 Septem
1437 2799 1504 2824 eos
1530 2783 1642 2837 regni
1672 2797 1761 2838 pro-

333 2867 442 2892 ceres
470 2852 593 2892 fuisse
622 2852 848 2907 suspicatur
882 2852 1108 2898 Stanleius;
1142 2852 1212 2892 sed
1246 2851 1296 2891 de
1325 2865 1494 2890 numero
1522 2850 1673 2890 incerta
1703 2863 1765 2888 res

333 2928 405 2958 est.
465 2919 630 2968 Atossa,
652 2918 768 2959 Darii
789 2919 926 2967 vidua,
949 2927 1076 2959 mater
1098 2918 1263 2967 Xerxis,
1285 2917 1325 2957 id
1347 2916 1538 2971 temporis
1556 2915 1642 2970 jam
1671 2929 1763 2969 pro-
