1898 3256
322 217 405 259 160
790 218 1283 259 ANNOTATIONES

379 327 468 381 σὺν]
494 327 564 377 ξὺν
586 326 819 367 Brunckius
841 337 956 368 reete.

381 394 552 447 ἑβδόμῳ]
579 394 723 447 εὗδόμῳ
745 395 794 434 C.

383 459 476 513 283.
518 459 745 514 ἀντηρέτας]
780 459 998 511 ἀντηρέτης,
1038 460 1320 500 adversarius.
1370 459 1557 514 Proprie,
1595 459 1667 514 qui
1705 471 1756 498 ex·

324 525 497 566 adverso
524 527 718 581 remigat.
767 525 881 566 Male
911 525 1036 566 schol.
1059 528 1113 565 A.
1137 535 1177 566 et
1199 525 1420 581 Sopingius
1439 525 1491 565 ad
1514 524 1694 580 Hesych.
1714 525 1755 564 in

324 607 362 631 v.
395 592 447 631 ab
477 593 641 644 ἇνταίρω
671 592 840 632 ducunt.
883 592 1064 647 Etymol.
1099 593 1161 632 M.
1194 607 1235 647 p.
1267 604 1357 641 112,
1385 605 1453 642 40.
1484 591 1702 644 ἆντηρέτης.
1735 593 1756 631 ὁ

326 658 636 709 ἆντικαθήμενος.
668 659 730 699 καὶ
750 660 986 710 ἇντηρετεῖν,
1006 659 1049 698 τὸ
1073 659 1135 698 ἐπὶ
1153 662 1266 710 ζυγοῦ
1289 659 1540 710 καθεζόμενος
1567 658 1755 710 ἐρέσσειν.

328 725 434 765 Mox
465 726 702 777 ἑπτατειχεῖς
732 724 886 774 ἐξόδους
914 724 1063 764 dicitur
1094 739 1168 779 pro
1199 727 1294 765 ἑπτὰ
1325 723 1476 775 ἐξόδους
1506 724 1678 777 τειχέων,
1711 731 1759 763 ut

328 790 552 842 ἑπτάπυργα
583 793 744 842 κλεῖθρα
772 805 848 845 pro
879 793 975 831 ἑπτὰ
1005 795 1163 843 κλεῖθρα
1191 792 1360 844 πύργων,
1389 790 1535 846 Eurip.
1558 789 1758 831 Phoeniss.

331 866 451 909 1073.
483 856 713 896 BLOMF.

387 922 902 976 287-—303=304—320.
926 923 1077 962 Versus
1106 922 1146 961 in
1173 922 1273 962 Ald.
1301 922 1355 962 sic
1381 922 1514 972 divisi,
1536 922 1705 974 μέλει-υ
1730 921 1736 978 Ι

328 988 568 1040 γείτονες-
594 986 599 1042 Ι
625 986 837 1038 τάρβος-
862 986 868 1041 Ι
895 986 1153 1038 ὃράκοντα-
1176 989 1183 1041 Ι
1207 988 1518 1040 ὑπερδέδοικε-
1544 988 1549 1044 Ι
1576 988 1758 1039 δυσευνή-

328 1071 492 1106 τειρα-
519 1052 524 1109 Ι
550 1054 666 1094 τοὶ-
692 1052 698 1108 Ι
724 1054 967 1104 πανομιλὶ-
991 1052 998 1108 Ι
1023 1055 1082 1094 τοὶ
1104 1053 1193 1094 δ’--
1217 1054 1225 1108 Ι
1248 1055 1479 1096 πολίταις-
1504 1054 1509 1110 Ι
1536 1056 1707 1095 παντὶ-
1731 1054 1738 1109 Ι

331 1121 481 1165 θεοὶ-
513 1120 519 1175 Ι
545 1124 731 1160 ποῖον-
755 1121 761 1174 Ι
787 1119 894 1160 τᾶσδ’
915 1145 972 1150 —-
998 1119 1003 1175 Ι
1028 1119 1241 1173 βαθύχθον’
1258 1145 1314 1150 —
1340 1121 1346 1176 Ι
1372 1121 1524 1173 εὐτρεφ.
1544 1146 1601 1152 --
1626 1120 1633 1176 Ι
1657 1122 1763 1161 ὅσων

329 1210 387 1218 ——
411 1189 416 1241 Ι
442 1188 591 1238 Τηθύος
607 1211 662 1217 --
688 1186 693 1242 Ι
719 1187 868 1227 τεοὶ-
894 1186 899 1241 Ι
927 1188 988 1227 καὶ
1036 1189 1107 1227 τᾶν
1127 1211 1183 1217 -—
1209 1186 1214 1242 Ι
1241 1190 1419 1230 κῦδος-
1445 1187 1450 1242 Ι
1477 1189 1762 1240 εὔεδροι-λι-

331 1270 472 1294 ταισιν.

389 1321 483 1373 287.
504 1320 720 1373 ὑπνώσσει]
743 1320 914 1360 ὑπνῶσει
933 1319 1089 1374 aliquot
1108 1319 1227 1359 codd.
1249 1328 1290 1360 et
1309 1319 1407 1360 Ald.
1432 1320 1541 1360 Rob.

390 1387 483 1429 288.
516 1387 689 1442 καρδίας]
723 1387 908 1426 Metrum
938 1385 1109 1426 formam
1138 1385 1316 1440 postulat.
1345 1385 1583 1441 disyllabam
1616 1385 1762 1438 κάρζας,

331 1468 454 1508 quam
470 1453 662 1493 AEolibus
679 1452 822 1493 tribuit
837 1453 978 1507 Etym.
994 1453 1057 1491 M.
1079 1467 1119 1507 p.
1133 1462 1230 1504 407,
1250 1464 1315 1502 21,
1336 1467 1412 1506 ego
1426 1452 1626 1508 AEschylo
1640 1461 1680 1492 et
1701 1452 1765 1492 hic

332 1530 373 1560 et
405 1518 547 1574 Suppl.
579 1528 646 1571 72.
677 1527 718 1559 et
749 1530 843 1573 799.
871 1517 1162 1558 restituendam
1194 1533 1278 1558 esse
1304 1518 1461 1558 ostendi
1486 1518 1528 1558 in
1551 1518 1766 1558 Thesauro

335 1584 532 1640 Stephani
559 1584 638 1625 vol.
662 1598 699 1624 2.
731 1599 773 1639 p.
801 1586 907 1624 1106
928 1585 983 1625 D.
1034 1585 1233 1640 Ejusdem
1263 1584 1421 1639 generis
1449 1594 1509 1624 est
1537 1586 1582 1632 ζᾶ
1609 1599 1685 1639 pro
1705 1586 1767 1624 διὰ

337 1652 489 1692 dictum
521 1660 562 1690 et
590 1650 784 1702 ζαπρέπον
815 1666 891 1706 pro
922 1651 1144 1702 διαπρέπον,
1180 1651 1293 1706 quod
1323 1650 1474 1691 librarii
1503 1650 1768 1691 obliterarunt

337 1718 448 1774 apud
471 1716 717 1771 AEschylum
742 1718 853 1757 Pers.
872 1718 990 1757 1006.

391 1785 486 1837 289.
517 1783 714 1836 μέριμναι]
748 1784 946 1834 μερίμναις
972 1781 1074 1823 Ald.
1116 1783 1280 1834 μέριμνα
1309 1783 1420 1823 Rob.
1471 1784 1521 1823 In
1552 1782 1645 1824 edd.
1672 1792 1767 1823 vett.

332 1865 414 1891 non
448 1859 540 1904 post
575 1848 731 1901 τάρβος,
766 1849 835 1888 sed
877 1858 968 1903 post
1006 1853 1219 1900 ζωπυροῦσι
1252 1860 1451 1904 punctum
1485 1850 1663 1905 positum
1695 1859 1767 1890 est.

332 1916 521 1957 Delenda
559 1915 690 1956 omnis
725 1915 1010 1970 interpunctio.
1060 1917 1165 1955 Nam
1203 1915 1419 1956 accusativi
1459 1916 1528 1956 τὸν
1562 1917 1770 1968 ἀμφιτειχῆ

336 1985 439 2024 λεών
459 1982 731 2023 construenda
751 1990 845 2022 sunt
874 1997 967 2022 cum
998 1984 1212 2033 ζωπυροῦσι
1240 1981 1398 2034 τάρβος,
1420 1997 1515 2037 quae
1544 1998 1620 2038 pro
1645 1983 1771 2023 verbo

338 2053 469 2101 ταρβῶ
488 2048 619 2104 posita
639 2058 747 2095 sunt,
767 2048 880 2103 quod
900 2048 1034 2103 ipsum
1061 2048 1100 2088 in
1123 2048 1260 2088 codice
1282 2063 1363 2088 uno
1382 2064 1457 2104 pro
1476 2049 1621 2101 τάρβος
1650 2048 1771 2103 scrip-

336 2126 425 2156 tum
457 2124 541 2155 est:
574 2114 625 2154 de
652 2130 735 2170 qua
760 2114 945 2155 liberiore
979 2114 1277 2155 constructione
1299 2114 1393 2166 πρὸς
1421 2114 1466 2155 τὸ
1486 2112 1771 2164 σημαινόμενον

337 2182 421 2223 dixi
444 2181 495 2222 ad
520 2181 646 2236 Soph.
669 2180 816 2235 Antig.
836 2193 927 2220 110.

396 2262 492 2301 290.
514 2247 602 2301 τὸν]
628 2251 703 2287 τῶν
722 2247 775 2286 Ε.

395 2316 464 2355 τὸν
484 2316 692 2366 ἀμφιτειχῆ
711 2314 833 2366 λεὼν]
868 2316 942 2352 τῶν
963 2313 1062 2364 ἀμφὶ
1091 2313 1199 2365 τείχη
1230 2316 1332 2352 λεῶν
1352 2313 1453 2352 Ven.
1505 2311 1772 2352 Scribendum

340 2397 422 2422 uno
455 2395 575 2420 versu
610 2379 678 2419 τὸν
718 2378 1139 2431 ἀμφιτειχῆ-τέκνων,
1178 2377 1411 2434 pariterque
1441 2379 1482 2418 in
1522 2377 1774 2433 antistropho

341 2448 438 2502 308.
460 2460 559 2501 309.

399 2526 492 2566 291.
523 2512 734 2564 δράκοντας
763 2512 831 2565 ὥς]
866 2511 1054 2564 δράκοντα
1083 2510 1114 2551 δ’
1135 2512 1185 2554 ὥς
1213 2510 1305 2551 edd.
1331 2510 1504 2563 δράκονθ’
1527 2511 1577 2553 ὥς
1598 2511 1653 2550 Ν.
1685 2509 1773 2562 δρά-

344 2596 480 2622 κοντας
500 2579 549 2621 ὥς
573 2578 767 2632 [Bothius
786 2580 843 2631 et]
870 2577 1090 2626 Burneius‚
1111 2577 1183 2632 qui
1203 2577 1300 2618 citat
1321 2578 1470 2618 Horat.
1492 2576 1628 2632 Epod.
1656 2589 1691 2626 1,
1709 2588 1774 2630 29.

339 2646 434 2687 avis
460 2645 725 2699 Serpentium
755 2645 939 2699 allapsus
974 2644 1098 2684 timet.
1147 2643 1247 2683 Stat.
1279 2642 1433 2683 Achill.
1465 2656 1501 2691 1,
1534 2655 1630 2685 212.
1663 2642 1775 2682 volu-

339 2712 577 2758 cris—hinc
606 2712 738 2751 anania
766 2712 924 2766 cogitat
949 2723 1122 2765 angues.
1157 2709 1312 2750 Contra
1343 2724 1420 2764 pro
1440 2708 1633 2764 singulari
1654 2717 1774 2757 stant,

341 2776 565 2832 AEsehylus
584 2776 671 2832 ipse
692 2776 798 2816 infra
817 2787 912 2830 503.
933 2786 986 2822 et,
1008 2790 1130 2830 quem
1157 2776 1326 2816 fortasse
1355 2775 1545 2831 respexit,
1569 2775 1776 2815 Homerus

341 2843 461 2884 Iliad.
483 2847 530 2891 B,
555 2844 650 2896 298.
682 2841 881 2882 Moschus
908 2855 951 2894 4,
985 2854 1048 2883 21.
1081 2841 1297 2882 Heliodor.
1331 2841 1516 2896 AEthiop.
1542 2853 1580 2883 2.
1612 2855 1652 2895 p.
1679 2854 1771 2881 100.

341 2910 567 2951 BLOMF.
619 2909 807 2961 δράκοντα
827 2907 858 2949 δ’
881 2909 1011 2959 ὥσπερ
1033 2909 1140 2949 Rob,
