<?xml version="1.0" encoding="UTF-8"?>
<!DOCTYPE html PUBLIC "-//W3C//DTD XHTML 1.0 Transitional//EN"
    "http://www.w3.org/TR/xhtml1/DTD/xhtml1-transitional.dtd">
<html xmlns="http://www.w3.org/1999/xhtml" xml:lang="en" lang="en">
 <head>
  <title>
</title>
<meta http-equiv="Content-Type" content="text/html;charset=utf-8" />
  <meta name='ocr-system' content='tesseract 3.04.00' />
  <meta name='ocr-capabilities' content='ocr_page ocr_carea ocr_par ocr_line ocrx_word'/>
</head>
<body>
  <div class='ocr_page' id='page_1' title='image "./tragoediaesupers02aescuoft_0096.png"; bbox 0 0 1898 3256; ppageno 0'>
   <div class='ocr_carea' id='block_1_1' title="bbox 347 227 1310 274">
    <p class='ocr_par' dir='ltr' id='par_1_1' title="bbox 347 227 1310 274">
     <span class='ocr_line' id='line_1_1' title="bbox 347 227 1310 274; baseline -0.004 -2"><span class='ocrx_word' id='word_1_1' title='bbox 347 232 402 274; x_wconf 73' lang='lat'>92</span> <span class='ocrx_word' id='word_1_2' title='bbox 817 227 1310 271; x_wconf 87' lang='lat' dir='ltr'>ANNOTATIONES</span> 
     </span>
    </p>
   </div>
   <div class='ocr_carea' id='block_1_2' title="bbox 347 335 1786 2045">
    <p class='ocr_par' dir='ltr' id='par_1_2' title="bbox 347 335 1785 1715">
     <span class='ocr_line' id='line_1_2' title="bbox 350 335 1780 396; baseline -0.004 -15"><span class='ocrx_word' id='word_1_3' title='bbox 350 342 402 381; x_wconf 89' lang='lat' dir='ltr'>In</span> <span class='ocrx_word' id='word_1_4' title='bbox 422 355 506 396; x_wconf 92' lang='lat' dir='ltr'>quo</span> <span class='ocrx_word' id='word_1_5' title='bbox 530 349 664 381; x_wconf 88' lang='lat' dir='ltr'>tamen</span> <span class='ocrx_word' id='word_1_6' title='bbox 691 340 875 381; x_wconf 81' lang='lat' dir='ltr'><strong>assentiri</strong></span> <span class='ocrx_word' id='word_1_7' title='bbox 904 340 940 380; x_wconf 92' lang='lat' dir='ltr'>ei</span> <span class='ocrx_word' id='word_1_8' title='bbox 971 354 1052 380; x_wconf 91' lang='lat' dir='ltr'>non</span> <span class='ocrx_word' id='word_1_9' title='bbox 1080 352 1259 395; x_wconf 86' lang='lat' dir='ltr'>possum.</span> <span class='ocrx_word' id='word_1_10' title='bbox 1320 336 1468 378; x_wconf 84' lang='lat' dir='ltr'>Strabo</span> <span class='ocrx_word' id='word_1_11' title='bbox 1495 336 1602 377; x_wconf 83' lang='lat' dir='ltr'>enim</span> <span class='ocrx_word' id='word_1_12' title='bbox 1632 335 1780 376; x_wconf 84' lang='lat' dir='ltr'><strong>diserte</strong></span> 
     </span>
     <span class='ocr_line' id='line_1_3' title="bbox 349 402 1781 460; baseline -0.004 -12"><span class='ocrx_word' id='word_1_13' title='bbox 349 406 617 448; x_wconf 87' lang='lat' dir='ltr'>Ambracium</span> <span class='ocrx_word' id='word_1_14' title='bbox 649 407 782 447; x_wconf 89' lang='lat' dir='ltr'>sinum</span> <span class='ocrx_word' id='word_1_15' title='bbox 811 407 864 447; x_wconf 86' lang='lat' dir='ltr'>ab</span> <span class='ocrx_word' id='word_1_16' title='bbox 895 406 1015 447; x_wconf 90' lang='lat' dir='ltr'>Ionio</span> <span class='ocrx_word' id='word_1_17' title='bbox 1042 404 1271 460; x_wconf 80' lang='lat' dir='ltr'><strong>distinguit,</strong></span> <span class='ocrx_word' id='word_1_18' title='bbox 1301 412 1342 444; x_wconf 92' lang='lat' dir='ltr'>et</span> <span class='ocrx_word' id='word_1_19' title='bbox 1371 404 1481 444; x_wconf 89' lang='lat' dir='ltr'>hunc</span> <span class='ocrx_word' id='word_1_20' title='bbox 1509 402 1675 457; x_wconf 90' lang='lat' dir='ltr'>quidem</span> <span class='ocrx_word' id='word_1_21' title='bbox 1707 416 1781 442; x_wconf 91' lang='lat' dir='ltr'>suo</span> 
     </span>
     <span class='ocr_line' id='line_1_4' title="bbox 348 468 1779 529; baseline -0.005 -15"><span class='ocrx_word' id='word_1_22' title='bbox 348 484 530 529; x_wconf 91' lang='lat' dir='ltr'>tempore</span> <span class='ocrx_word' id='word_1_23' title='bbox 549 482 705 529; x_wconf 89' lang='lat' dir='ltr'>partem</span> <span class='ocrx_word' id='word_1_24' title='bbox 727 472 928 514; x_wconf 79' lang='lat' dir='ltr'>Adriatici</span> <span class='ocrx_word' id='word_1_25' title='bbox 943 471 1063 512; x_wconf 89' lang='lat' dir='ltr'>maris</span> <span class='ocrx_word' id='word_1_26' title='bbox 1082 471 1207 511; x_wconf 84' lang='lat' dir='ltr'>fuisse</span> <span class='ocrx_word' id='word_1_27' title='bbox 1223 479 1405 511; x_wconf 86' lang='lat' dir='ltr'>testatur.</span> <span class='ocrx_word' id='word_1_28' title='bbox 1436 468 1624 524; x_wconf 88' lang='lat' dir='ltr'>AEschyli</span> <span class='ocrx_word' id='word_1_29' title='bbox 1644 476 1779 509; x_wconf 86' lang='lat' dir='ltr'>autem</span> 
     </span>
     <span class='ocr_line' id='line_1_5' title="bbox 348 532 1782 592; baseline -0.005 -12"><span class='ocrx_word' id='word_1_30' title='bbox 348 549 468 580; x_wconf 87' lang='lat' dir='ltr'>aetate</span> <span class='ocrx_word' id='word_1_31' title='bbox 498 554 607 580; x_wconf 87' lang='lat' dir='ltr'>mare</span> <span class='ocrx_word' id='word_1_32' title='bbox 628 539 888 579; x_wconf 87' lang='lat' dir='ltr'>Adriaticum</span> <span class='ocrx_word' id='word_1_33' title='bbox 920 538 1152 580; x_wconf 84' lang='lat' dir='ltr'>universum</span> <span class='ocrx_word' id='word_1_34' title='bbox 1184 535 1290 578; x_wconf 90' lang='lat' dir='ltr'>Ionii</span> <span class='ocrx_word' id='word_1_35' title='bbox 1319 534 1590 592; x_wconf 86' lang='lat' dir='ltr'>appellatione</span> <span class='ocrx_word' id='word_1_36' title='bbox 1618 532 1782 588; x_wconf 87' lang='lat' dir='ltr'>insigni-</span> 
     </span>
     <span class='ocr_line' id='line_1_6' title="bbox 348 601 1783 659; baseline -0.005 -13"><span class='ocrx_word' id='word_1_37' title='bbox 348 616 436 646; x_wconf 92' lang='lat' dir='ltr'>tum</span> <span class='ocrx_word' id='word_1_38' title='bbox 461 605 584 647; x_wconf 86' lang='lat' dir='ltr'>fuisse</span> <span class='ocrx_word' id='word_1_39' title='bbox 614 605 845 653; x_wconf 86' lang='lat' dir='ltr'>statuimus,</span> <span class='ocrx_word' id='word_1_40' title='bbox 866 604 978 659; x_wconf 93' lang='lat' dir='ltr'>quod</span> <span class='ocrx_word' id='word_1_41' title='bbox 1001 603 1162 644; x_wconf 88' lang='lat' dir='ltr'>labente</span> <span class='ocrx_word' id='word_1_42' title='bbox 1192 612 1373 658; x_wconf 88' lang='lat' dir='ltr'>tempore</span> <span class='ocrx_word' id='word_1_43' title='bbox 1403 601 1566 642; x_wconf 89' lang='lat' dir='ltr'>tandem</span> <span class='ocrx_word' id='word_1_44' title='bbox 1597 601 1638 640; x_wconf 92' lang='lat' dir='ltr'>in</span> <span class='ocrx_word' id='word_1_45' title='bbox 1667 610 1783 654; x_wconf 88' lang='lat' dir='ltr'>parte</span> 
     </span>
     <span class='ocr_line' id='line_1_7' title="bbox 347 667 1783 727; baseline -0.005 -15"><span class='ocrx_word' id='word_1_46' title='bbox 347 672 436 727; x_wconf 86' lang='lat' dir='ltr'>ejus</span> <span class='ocrx_word' id='word_1_47' title='bbox 455 671 630 712; x_wconf 89' lang='lat' dir='ltr'>haeserit.</span> <span class='ocrx_word' id='word_1_48' title='bbox 691 670 875 725; x_wconf 87' lang='lat' dir='ltr'>Ideoque</span> <span class='ocrx_word' id='word_1_49' title='bbox 894 670 1020 723; x_wconf 85' lang='grc' dir='ltr'>μέγαν</span> <span class='ocrx_word' id='word_1_50' title='bbox 1041 670 1188 709; x_wconf 87' lang='grc' dir='ltr'>κόλπον</span> <span class='ocrx_word' id='word_1_51' title='bbox 1204 667 1315 711; x_wconf 86' lang='grc' dir='ltr'>Ῥέας</span> <span class='ocrx_word' id='word_1_52' title='bbox 1334 667 1395 708; x_wconf 90' lang='lat' dir='ltr'>vel</span> <span class='ocrx_word' id='word_1_53' title='bbox 1420 667 1651 708; x_wconf 87' lang='lat' dir='ltr'>universum</span> <span class='ocrx_word' id='word_1_54' title='bbox 1673 680 1783 706; x_wconf 88' lang='lat' dir='ltr'>mare</span> 
     </span>
     <span class='ocr_line' id='line_1_8' title="bbox 350 732 1782 791; baseline -0.005 -13"><span class='ocrx_word' id='word_1_55' title='bbox 350 737 512 777; x_wconf 92' lang='lat' dir='ltr'>Ionium</span> <span class='ocrx_word' id='word_1_56' title='bbox 534 738 560 778; x_wconf 82' lang='lat' dir='ltr'>i.</span> <span class='ocrx_word' id='word_1_57' title='bbox 577 753 616 791; x_wconf 91' lang='lat' dir='ltr'>q.</span> <span class='ocrx_word' id='word_1_58' title='bbox 637 751 746 777; x_wconf 91' lang='lat' dir='ltr'>nunc</span> <span class='ocrx_word' id='word_1_59' title='bbox 765 735 1043 785; x_wconf 84' lang='lat' dir='ltr'>Adriaticum,</span> <span class='ocrx_word' id='word_1_60' title='bbox 1063 734 1125 775; x_wconf 89' lang='lat' dir='ltr'>vel</span> <span class='ocrx_word' id='word_1_61' title='bbox 1148 743 1308 775; x_wconf 87' lang='lat' dir='ltr'>tantum</span> <span class='ocrx_word' id='word_1_62' title='bbox 1329 733 1517 774; x_wconf 88' lang='lat' dir='ltr'>intimum</span> <span class='ocrx_word' id='word_1_63' title='bbox 1540 732 1629 787; x_wconf 86' lang='lat' dir='ltr'>ejus</span> <span class='ocrx_word' id='word_1_64' title='bbox 1656 746 1782 772; x_wconf 88' lang='lat' dir='ltr'>reces-</span> 
     </span>
     <span class='ocr_line' id='line_1_9' title="bbox 348 799 1781 856; baseline -0.004 -13"><span class='ocrx_word' id='word_1_65' title='bbox 348 818 436 843; x_wconf 86' lang='lat' dir='ltr'>sum</span> <span class='ocrx_word' id='word_1_66' title='bbox 459 803 565 843; x_wconf 88' lang='lat' dir='ltr'>circa</span> <span class='ocrx_word' id='word_1_67' title='bbox 584 804 760 843; x_wconf 91' lang='lat' dir='ltr'>Venetos</span> <span class='ocrx_word' id='word_1_68' title='bbox 779 811 820 842; x_wconf 93' lang='lat' dir='ltr'>et</span> <span class='ocrx_word' id='word_1_69' title='bbox 840 801 1075 856; x_wconf 88' lang='lat' dir='ltr'>Aquileiam</span> <span class='ocrx_word' id='word_1_70' title='bbox 1093 800 1308 855; x_wconf 86' lang='lat' dir='ltr'>significari</span> <span class='ocrx_word' id='word_1_71' title='bbox 1329 799 1581 840; x_wconf 88' lang='lat' dir='ltr'>crediderim.</span> <span class='ocrx_word' id='word_1_72' title='bbox 1641 799 1781 847; x_wconf 85' lang='lat' dir='ltr'>Quum</span> 
     </span>
     <span class='ocr_line' id='line_1_10' title="bbox 348 863 1783 923; baseline -0.003 -15"><span class='ocrx_word' id='word_1_73' title='bbox 348 870 474 923; x_wconf 87' lang='lat' dir='ltr'>igitur</span> <span class='ocrx_word' id='word_1_74' title='bbox 494 868 574 908; x_wconf 89' lang='lat' dir='ltr'>huc</span> <span class='ocrx_word' id='word_1_75' title='bbox 596 869 646 907; x_wconf 91' lang='lat' dir='ltr'>Io</span> <span class='ocrx_word' id='word_1_76' title='bbox 665 868 852 916; x_wconf 88' lang='lat' dir='ltr'>venisset,</span> <span class='ocrx_word' id='word_1_77' title='bbox 874 882 952 907; x_wconf 90' lang='lat' dir='ltr'>non</span> <span class='ocrx_word' id='word_1_78' title='bbox 982 867 1116 922; x_wconf 91' lang='lat' dir='ltr'>ipsum</span> <span class='ocrx_word' id='word_1_79' title='bbox 1138 881 1248 906; x_wconf 91' lang='lat' dir='ltr'>mare</span> <span class='ocrx_word' id='word_1_80' title='bbox 1267 866 1446 921; x_wconf 87' lang='lat' dir='ltr'>ingressa</span> <span class='ocrx_word' id='word_1_81' title='bbox 1465 877 1537 915; x_wconf 84' lang='lat' dir='ltr'>est,</span> <span class='ocrx_word' id='word_1_82' title='bbox 1559 864 1627 904; x_wconf 90' lang='lat' dir='ltr'>sed</span> <span class='ocrx_word' id='word_1_83' title='bbox 1647 863 1783 919; x_wconf 87' lang='lat' dir='ltr'>potius</span> 
     </span>
     <span class='ocr_line' id='line_1_11' title="bbox 347 928 1782 984; baseline -0.005 -10"><span class='ocrx_word' id='word_1_84' title='bbox 347 933 706 984; x_wconf 81' lang='grc' dir='ltr'>παλιμπλάγκτοισι</span> <span class='ocrx_word' id='word_1_85' title='bbox 741 933 915 983; x_wconf 86' lang='grc' dir='ltr'>δρόμοισι</span> <span class='ocrx_word' id='word_1_86' title='bbox 947 937 1167 984; x_wconf 81' lang='lat' dir='ltr'>retrovago</span> <span class='ocrx_word' id='word_1_87' title='bbox 1196 945 1334 977; x_wconf 81' lang='lat' dir='ltr'>cursu,</span> <span class='ocrx_word' id='word_1_88' title='bbox 1367 929 1544 970; x_wconf 85' lang='lat' dir='ltr'>terrestri</span> <span class='ocrx_word' id='word_1_89' title='bbox 1573 928 1782 977; x_wconf 90' lang='lat' dir='ltr'>nimirum,</span> 
     </span>
     <span class='ocr_line' id='line_1_12' title="bbox 348 994 1782 1050; baseline -0.003 -12"><span class='ocrx_word' id='word_1_90' title='bbox 348 1014 428 1039; x_wconf 91' lang='lat' dir='ltr'>non</span> <span class='ocrx_word' id='word_1_91' title='bbox 465 998 681 1046; x_wconf 84' lang='lat' dir='ltr'>maritimo,</span> <span class='ocrx_word' id='word_1_92' title='bbox 718 1007 765 1037; x_wconf 93' lang='lat' dir='ltr'>ut</span> <span class='ocrx_word' id='word_1_93' title='bbox 806 997 998 1037; x_wconf 85' lang='lat' dir='ltr'>Pauwius</span> <span class='ocrx_word' id='word_1_94' title='bbox 1035 1007 1077 1036; x_wconf 81' lang='lat' dir='ltr'>et</span> <span class='ocrx_word' id='word_1_95' title='bbox 1117 995 1263 1036; x_wconf 86' lang='lat' dir='ltr'>Gallus</span> <span class='ocrx_word' id='word_1_96' title='bbox 1302 996 1499 1050; x_wconf 85' lang='lat' dir='ltr'>interpres</span> <span class='ocrx_word' id='word_1_97' title='bbox 1537 994 1782 1042; x_wconf 87' lang='lat' dir='ltr'>existimant,</span> 
     </span>
     <span class='ocr_line' id='line_1_13' title="bbox 351 1059 1783 1118; baseline -0.004 -13"><span class='ocrx_word' id='word_1_98' title='bbox 351 1065 514 1106; x_wconf 89' lang='lat' dir='ltr'>tandem</span> <span class='ocrx_word' id='word_1_99' title='bbox 554 1064 606 1104; x_wconf 90' lang='lat' dir='ltr'>ad</span> <span class='ocrx_word' id='word_1_100' title='bbox 646 1063 937 1104; x_wconf 86' lang='lat' dir='ltr'>Prometheum</span> <span class='ocrx_word' id='word_1_101' title='bbox 977 1062 1017 1102; x_wconf 90' lang='lat' dir='ltr'>in</span> <span class='ocrx_word' id='word_1_102' title='bbox 1060 1061 1268 1118; x_wconf 84' lang='lat' dir='ltr'>Scythiam</span> <span class='ocrx_word' id='word_1_103' title='bbox 1309 1061 1505 1116; x_wconf 73' lang='lat' dir='ltr'>pervenit,</span> <span class='ocrx_word' id='word_1_104' title='bbox 1546 1060 1628 1100; x_wconf 92' lang='lat' dir='ltr'>sive</span> <span class='ocrx_word' id='word_1_105' title='bbox 1671 1059 1783 1114; x_wconf 91' lang='lat' dir='ltr'>quod</span> 
     </span>
     <span class='ocr_line' id='line_1_14' title="bbox 350 1125 1785 1186; baseline -0.005 -15"><span class='ocrx_word' id='word_1_106' title='bbox 350 1130 574 1186; x_wconf 88' lang='lat' dir='ltr'>AEschylus</span> <span class='ocrx_word' id='word_1_107' title='bbox 594 1145 680 1170; x_wconf 89' lang='lat' dir='ltr'>eam</span> <span class='ocrx_word' id='word_1_108' title='bbox 705 1131 818 1184; x_wconf 90' lang='lat' dir='ltr'>(quae</span> <span class='ocrx_word' id='word_1_109' title='bbox 838 1128 1081 1184; x_wconf 87' lang='lat' dir='ltr'>Apollodori</span> <span class='ocrx_word' id='word_1_110' title='bbox 1102 1143 1268 1183; x_wconf 92' lang='lat' dir='ltr'>quoque</span> <span class='ocrx_word' id='word_1_111' title='bbox 1295 1126 1398 1167; x_wconf 88' lang='lat' dir='ltr'>ratio</span> <span class='ocrx_word' id='word_1_112' title='bbox 1429 1127 1524 1178; x_wconf 87' lang='lat' dir='ltr'>est),</span> <span class='ocrx_word' id='word_1_113' title='bbox 1545 1141 1619 1181; x_wconf 87' lang='lat' dir='ltr'>per</span> <span class='ocrx_word' id='word_1_114' title='bbox 1649 1125 1785 1181; x_wconf 87' lang='lat' dir='ltr'>Illyri-</span> 
     </span>
     <span class='ocr_line' id='line_1_15' title="bbox 349 1191 1784 1252; baseline -0.004 -15"><span class='ocrx_word' id='word_1_115' title='bbox 349 1197 441 1237; x_wconf 88' lang='lat' dir='ltr'>dcm</span> <span class='ocrx_word' id='word_1_116' title='bbox 471 1210 739 1252; x_wconf 85' lang='lat' dir='ltr'>progressam,</span> <span class='ocrx_word' id='word_1_117' title='bbox 763 1197 959 1235; x_wconf 84' lang='lat' dir='ltr'>Haemum</span> <span class='ocrx_word' id='word_1_118' title='bbox 988 1194 1298 1235; x_wconf 88' lang='lat' dir='ltr'>transscendisse</span> <span class='ocrx_word' id='word_1_119' title='bbox 1326 1208 1372 1233; x_wconf 88' lang='lat' dir='ltr'>ac</span> <span class='ocrx_word' id='word_1_120' title='bbox 1398 1194 1583 1247; x_wconf 89' lang='lat' dir='ltr'>Bosporo</span> <span class='ocrx_word' id='word_1_121' title='bbox 1605 1191 1784 1232; x_wconf 86' lang='lat' dir='ltr'>Thracio</span> 
     </span>
     <span class='ocr_line' id='line_1_16' title="bbox 351 1258 1782 1318; baseline -0.004 -14"><span class='ocrx_word' id='word_1_122' title='bbox 351 1263 518 1318; x_wconf 88' lang='lat' dir='ltr'>trajecto</span> <span class='ocrx_word' id='word_1_123' title='bbox 546 1263 586 1302; x_wconf 90' lang='lat' dir='ltr'>in</span> <span class='ocrx_word' id='word_1_124' title='bbox 620 1261 827 1317; x_wconf 87' lang='lat' dir='ltr'>Scythiam</span> <span class='ocrx_word' id='word_1_125' title='bbox 859 1260 1087 1316; x_wconf 88' lang='lat' dir='ltr'>pervenisse</span> <span class='ocrx_word' id='word_1_126' title='bbox 1117 1259 1402 1315; x_wconf 86' lang='lat' dir='ltr'>supposuerit;</span> <span class='ocrx_word' id='word_1_127' title='bbox 1442 1259 1524 1299; x_wconf 90' lang='lat' dir='ltr'>sive</span> <span class='ocrx_word' id='word_1_128' title='bbox 1553 1258 1664 1313; x_wconf 90' lang='lat' dir='ltr'>quod</span> <span class='ocrx_word' id='word_1_129' title='bbox 1695 1273 1782 1298; x_wconf 87' lang='lat' dir='ltr'>eam</span> 
     </span>
     <span class='ocr_line' id='line_1_17' title="bbox 349 1325 1784 1381; baseline -0.003 -11"><span class='ocrx_word' id='word_1_130' title='bbox 349 1329 573 1370; x_wconf 89' lang='lat' dir='ltr'>secundum</span> <span class='ocrx_word' id='word_1_131' title='bbox 594 1328 690 1368; x_wconf 88' lang='lat' dir='ltr'>Istri</span> <span class='ocrx_word' id='word_1_132' title='bbox 711 1327 1005 1381; x_wconf 82' lang='lat' dir='ltr'>longitudinem</span> <span class='ocrx_word' id='word_1_133' title='bbox 1029 1326 1171 1381; x_wconf 88' lang='lat' dir='ltr'>pedem</span> <span class='ocrx_word' id='word_1_134' title='bbox 1193 1325 1440 1381; x_wconf 89' lang='lat' dir='ltr'>promovisse</span> <span class='ocrx_word' id='word_1_135' title='bbox 1459 1325 1635 1373; x_wconf 85' lang='lat' dir='ltr'>finxerit,</span> <span class='ocrx_word' id='word_1_136' title='bbox 1656 1325 1784 1366; x_wconf 89' lang='lat' dir='ltr'>donec</span> 
     </span>
     <span class='ocr_line' id='line_1_18' title="bbox 350 1391 1784 1446; baseline -0.003 -10"><span class='ocrx_word' id='word_1_137' title='bbox 350 1395 412 1436; x_wconf 90' lang='lat' dir='ltr'>vel</span> <span class='ocrx_word' id='word_1_138' title='bbox 434 1395 486 1436; x_wconf 86' lang='lat' dir='ltr'>ad</span> <span class='ocrx_word' id='word_1_139' title='bbox 508 1397 687 1435; x_wconf 87' lang='lat' dir='ltr'>Pontum</span> <span class='ocrx_word' id='word_1_140' title='bbox 710 1393 923 1434; x_wconf 89' lang='lat' dir='ltr'>Euxinum</span> <span class='ocrx_word' id='word_1_141' title='bbox 946 1393 1111 1442; x_wconf 88' lang='lat' dir='ltr'>veniret,</span> <span class='ocrx_word' id='word_1_142' title='bbox 1133 1393 1198 1432; x_wconf 88' lang='lat' dir='ltr'>vel</span> <span class='ocrx_word' id='word_1_143' title='bbox 1219 1393 1329 1432; x_wconf 89' lang='lat' dir='ltr'>Istro</span> <span class='ocrx_word' id='word_1_144' title='bbox 1347 1391 1495 1432; x_wconf 90' lang='lat' dir='ltr'>alicubi</span> <span class='ocrx_word' id='word_1_145' title='bbox 1528 1391 1695 1446; x_wconf 83' lang='lat' dir='ltr'>trajecto</span> <span class='ocrx_word' id='word_1_146' title='bbox 1727 1391 1784 1432; x_wconf 89' lang='lat' dir='ltr'>sic</span> 
     </span>
     <span class='ocr_line' id='line_1_19' title="bbox 351 1457 1785 1515; baseline -0.004 -13"><span class='ocrx_word' id='word_1_147' title='bbox 351 1461 513 1502; x_wconf 85' lang='lat' dir='ltr'>tandem</span> <span class='ocrx_word' id='word_1_148' title='bbox 544 1461 585 1501; x_wconf 93' lang='lat' dir='ltr'>in</span> <span class='ocrx_word' id='word_1_149' title='bbox 618 1459 797 1515; x_wconf 79' lang='lat' dir='ltr'>Scythiae</span> <span class='ocrx_word' id='word_1_150' title='bbox 826 1459 1024 1499; x_wconf 87' lang='lat' dir='ltr'>desertam</span> <span class='ocrx_word' id='word_1_151' title='bbox 1056 1457 1259 1513; x_wconf 85' lang='lat' dir='ltr'>regionem</span> <span class='ocrx_word' id='word_1_152' title='bbox 1290 1457 1342 1497; x_wconf 87' lang='lat' dir='ltr'>ad</span> <span class='ocrx_word' id='word_1_153' title='bbox 1373 1457 1662 1497; x_wconf 85' lang='lat' dir='ltr'>Prometheum</span> <span class='ocrx_word' id='word_1_154' title='bbox 1695 1471 1785 1497; x_wconf 88' lang='lat' dir='ltr'>eva-</span> 
     </span>
     <span class='ocr_line' id='line_1_20' title="bbox 350 1522 1785 1579; baseline -0.005 -10"><span class='ocrx_word' id='word_1_155' title='bbox 350 1527 477 1569; x_wconf 90' lang='lat' dir='ltr'>deret.</span> <span class='ocrx_word' id='word_1_156' title='bbox 537 1529 643 1568; x_wconf 91' lang='lat' dir='ltr'>Cum</span> <span class='ocrx_word' id='word_1_157' title='bbox 664 1527 770 1567; x_wconf 90' lang='lat' dir='ltr'>enim</span> <span class='ocrx_word' id='word_1_158' title='bbox 791 1526 895 1566; x_wconf 90' lang='lat' dir='ltr'>hanc</span> <span class='ocrx_word' id='word_1_159' title='bbox 914 1524 1067 1565; x_wconf 88' lang='lat' dir='ltr'>itineris</span> <span class='ocrx_word' id='word_1_160' title='bbox 1086 1533 1244 1579; x_wconf 86' lang='lat' dir='ltr'>partem</span> <span class='ocrx_word' id='word_1_161' title='bbox 1266 1522 1492 1578; x_wconf 86' lang='lat' dir='ltr'>AEschylus</span> <span class='ocrx_word' id='word_1_162' title='bbox 1517 1523 1600 1563; x_wconf 89' lang='lat' dir='ltr'>alto</span> <span class='ocrx_word' id='word_1_163' title='bbox 1626 1522 1785 1563; x_wconf 90' lang='lat' dir='ltr'>silentio</span> 
     </span>
     <span class='ocr_line' id='line_1_21' title="bbox 350 1589 1784 1649; baseline -0.004 -15"><span class='ocrx_word' id='word_1_164' title='bbox 350 1593 552 1649; x_wconf 86' lang='lat' dir='ltr'>presserit,</span> <span class='ocrx_word' id='word_1_165' title='bbox 587 1602 762 1633; x_wconf 91' lang='lat' dir='ltr'>mentem</span> <span class='ocrx_word' id='word_1_166' title='bbox 795 1592 883 1646; x_wconf 89' lang='lat' dir='ltr'>ejus</span> <span class='ocrx_word' id='word_1_167' title='bbox 914 1590 1095 1631; x_wconf 87' lang='lat' dir='ltr'>divinare</span> <span class='ocrx_word' id='word_1_168' title='bbox 1123 1589 1227 1630; x_wconf 92' lang='lat' dir='ltr'>velle</span> <span class='ocrx_word' id='word_1_169' title='bbox 1266 1604 1580 1644; x_wconf 87' lang='lat' dir='ltr'>supervacuum,</span> <span class='ocrx_word' id='word_1_170' title='bbox 1615 1598 1656 1629; x_wconf 95' lang='lat' dir='ltr'>et</span> <span class='ocrx_word' id='word_1_171' title='bbox 1686 1589 1784 1629; x_wconf 90' lang='lat' dir='ltr'>certi</span> 
     </span>
     <span class='ocr_line' id='line_1_22' title="bbox 351 1656 1172 1715; baseline -0.006 -15"><span class='ocrx_word' id='word_1_172' title='bbox 351 1659 506 1715; x_wconf 89' lang='lat' dir='ltr'>aliquid</span> <span class='ocrx_word' id='word_1_173' title='bbox 527 1659 694 1700; x_wconf 85' lang='lat' dir='ltr'>definire</span> <span class='ocrx_word' id='word_1_174' title='bbox 708 1658 823 1713; x_wconf 86' lang='lat' dir='ltr'>justo</span> <span class='ocrx_word' id='word_1_175' title='bbox 842 1656 1037 1697; x_wconf 82' lang='lat' dir='ltr'>audacius</span> <span class='ocrx_word' id='word_1_176' title='bbox 1056 1663 1172 1696; x_wconf 88' lang='lat' dir='ltr'>esset.</span> 
     </span>
    </p>

    <p class='ocr_par' dir='ltr' id='par_1_3' title="bbox 351 1719 1786 2045">
     <span class='ocr_line' id='line_1_23' title="bbox 409 1719 1783 1776; baseline -0.005 -9"><span class='ocrx_word' id='word_1_177' title='bbox 409 1725 527 1776; x_wconf 81' lang='lat' dir='ltr'>Quod</span> <span class='ocrx_word' id='word_1_178' title='bbox 549 1735 685 1766; x_wconf 88' lang='lat' dir='ltr'>autem</span> <span class='ocrx_word' id='word_1_179' title='bbox 707 1724 839 1764; x_wconf 83' lang='lat' dir='ltr'>Rheae</span> <span class='ocrx_word' id='word_1_180' title='bbox 859 1722 986 1771; x_wconf 89' lang='lat' dir='ltr'>sinus,</span> <span class='ocrx_word' id='word_1_181' title='bbox 1006 1721 1128 1774; x_wconf 83' lang='grc' dir='ltr'>μέγας</span> <span class='ocrx_word' id='word_1_182' title='bbox 1147 1722 1291 1764; x_wconf 84' lang='grc' dir='ltr'>κόλπος</span> <span class='ocrx_word' id='word_1_183' title='bbox 1317 1721 1369 1761; x_wconf 89' lang='lat' dir='ltr'>ab</span> <span class='ocrx_word' id='word_1_184' title='bbox 1390 1720 1591 1776; x_wconf 89' lang='lat' dir='ltr'>AEschylo</span> <span class='ocrx_word' id='word_1_185' title='bbox 1620 1719 1783 1769; x_wconf 88' lang='lat' dir='ltr'>dicitur,</span> 
     </span>
     <span class='ocr_line' id='line_1_24' title="bbox 351 1786 1786 1846; baseline -0.006 -13"><span class='ocrx_word' id='word_1_186' title='bbox 351 1794 391 1833; x_wconf 91' lang='lat' dir='ltr'>in</span> <span class='ocrx_word' id='word_1_187' title='bbox 414 1808 462 1833; x_wconf 89' lang='lat' dir='ltr'>eo</span> <span class='ocrx_word' id='word_1_188' title='bbox 482 1807 563 1832; x_wconf 89' lang='lat' dir='ltr'>non</span> <span class='ocrx_word' id='word_1_189' title='bbox 586 1791 714 1846; x_wconf 85' lang='lat' dir='ltr'>magis</span> <span class='ocrx_word' id='word_1_190' title='bbox 733 1789 1009 1845; x_wconf 89' lang='lat' dir='ltr'>argutandum</span> <span class='ocrx_word' id='word_1_191' title='bbox 1030 1798 1105 1837; x_wconf 88' lang='lat' dir='ltr'>est,</span> <span class='ocrx_word' id='word_1_192' title='bbox 1122 1802 1244 1842; x_wconf 88' lang='lat' dir='ltr'>quam</span> <span class='ocrx_word' id='word_1_193' title='bbox 1266 1801 1359 1827; x_wconf 90' lang='lat' dir='ltr'>cum</span> <span class='ocrx_word' id='word_1_194' title='bbox 1377 1786 1483 1827; x_wconf 91' lang='lat' dir='ltr'>Ionii</span> <span class='ocrx_word' id='word_1_195' title='bbox 1503 1786 1624 1826; x_wconf 86' lang='lat' dir='ltr'>maris</span> <span class='ocrx_word' id='word_1_196' title='bbox 1642 1786 1786 1826; x_wconf 89' lang='lat' dir='ltr'>insulae</span> 
     </span>
     <span class='ocr_line' id='line_1_25' title="bbox 351 1851 1784 1914; baseline -0.006 -15"><span class='ocrx_word' id='word_1_197' title='bbox 351 1875 375 1899; x_wconf 87' lang='lat' dir='ltr'>a</span> <span class='ocrx_word' id='word_1_198' title='bbox 405 1858 572 1914; x_wconf 86' lang='lat' dir='ltr'>Virgilio</span> <span class='ocrx_word' id='word_1_199' title='bbox 601 1859 700 1898; x_wconf 88' lang='lat' dir='ltr'>AEn.</span> <span class='ocrx_word' id='word_1_200' title='bbox 729 1869 772 1910; x_wconf 83' lang='lat'>3,</span> <span class='ocrx_word' id='word_1_201' title='bbox 794 1868 890 1896; x_wconf 88' lang='lat'>211.</span> <span class='ocrx_word' id='word_1_202' title='bbox 921 1854 1079 1895; x_wconf 77' lang='lat' dir='ltr'>Insulae</span> <span class='ocrx_word' id='word_1_203' title='bbox 1107 1855 1228 1894; x_wconf 81' lang='lat' dir='ltr'>Iom&#39;o</span> <span class='ocrx_word' id='word_1_204' title='bbox 1254 1854 1300 1892; x_wconf 74' lang='lat' dir='ltr'>in</span> <span class='ocrx_word' id='word_1_205' title='bbox 1330 1866 1483 1908; x_wconf 80' lang='lat' dir='ltr'>magno</span> <span class='ocrx_word' id='word_1_206' title='bbox 1511 1851 1784 1907; x_wconf 86' lang='lat' dir='ltr'>appellantur,</span> 
     </span>
     <span class='ocr_line' id='line_1_26' title="bbox 352 1923 1786 1975; baseline -0.006 -9"><span class='ocrx_word' id='word_1_207' title='bbox 352 1926 421 1966; x_wconf 91' lang='lat' dir='ltr'>ubi</span> <span class='ocrx_word' id='word_1_208' title='bbox 443 1925 485 1965; x_wconf 92' lang='lat' dir='ltr'>id</span> <span class='ocrx_word' id='word_1_209' title='bbox 506 1925 671 1965; x_wconf 90' lang='lat' dir='ltr'>omnino</span> <span class='ocrx_word' id='word_1_210' title='bbox 690 1924 745 1964; x_wconf 90' lang='lat' dir='ltr'>sic</span> <span class='ocrx_word' id='word_1_211' title='bbox 774 1923 866 1973; x_wconf 86' lang='lat' dir='ltr'>dici,</span> <span class='ocrx_word' id='word_1_212' title='bbox 889 1932 935 1962; x_wconf 91' lang='lat' dir='ltr'>ut</span> <span class='ocrx_word' id='word_1_213' title='bbox 964 1935 1078 1961; x_wconf 84' lang='lat' dir='ltr'>mare</span> <span class='ocrx_word' id='word_1_214' title='bbox 1108 1934 1322 1975; x_wconf 80' lang='lat' dir='ltr'>magnum,</span> <span class='ocrx_word' id='word_1_215' title='bbox 1342 1925 1456 1960; x_wconf 78' lang='lat' dir='ltr'>terra</span> <span class='ocrx_word' id='word_1_216' title='bbox 1485 1933 1658 1974; x_wconf 82' lang='lat' dir='ltr'>magna,</span> <span class='ocrx_word' id='word_1_217' title='bbox 1679 1927 1786 1958; x_wconf 87' lang='lat' dir='ltr'>recte</span> 
     </span>
     <span class='ocr_line' id='line_1_27' title="bbox 353 1984 1784 2045; baseline -0.006 -14"><span class='ocrx_word' id='word_1_218' title='bbox 353 1990 545 2045; x_wconf 87' lang='lat' dir='ltr'>Heynius</span> <span class='ocrx_word' id='word_1_219' title='bbox 563 1988 788 2031; x_wconf 82' lang='lat' dir='ltr'>admonuit.</span> <span class='ocrx_word' id='word_1_220' title='bbox 835 1989 944 2028; x_wconf 86' lang='lat' dir='ltr'>Cum</span> <span class='ocrx_word' id='word_1_221' title='bbox 964 1996 1102 2027; x_wconf 86' lang='lat' dir='ltr'>autem</span> <span class='ocrx_word' id='word_1_222' title='bbox 1125 1985 1346 2040; x_wconf 83' lang='lat' dir='ltr'>AEschylus</span> <span class='ocrx_word' id='word_1_223' title='bbox 1366 1984 1452 2024; x_wconf 86' lang='lat' dir='ltr'>haec</span> <span class='ocrx_word' id='word_1_224' title='bbox 1471 1984 1609 2039; x_wconf 84' lang='lat' dir='ltr'>adjicit</span> <span class='ocrx_word' id='word_1_225' title='bbox 1629 1999 1667 2024; x_wconf 93' lang='lat' dir='ltr'>v.</span> <span class='ocrx_word' id='word_1_226' title='bbox 1691 1984 1784 2037; x_wconf 86' lang='lat'>839.</span> 
     </span>
    </p>
   </div>
   <div class='ocr_carea' id='block_1_3' title="bbox 521 2082 1424 2268">
    <p class='ocr_par' dir='ltr' id='par_1_4' title="bbox 521 2082 1424 2268">
     <span class='ocr_line' id='line_1_28' title="bbox 521 2082 1348 2140; baseline -0.005 -13"><span class='ocrx_word' id='word_1_227' title='bbox 521 2088 665 2140; x_wconf 80' lang='grc' dir='ltr'>χρόνον</span> <span class='ocrx_word' id='word_1_228' title='bbox 686 2087 727 2125; x_wconf 87' lang='grc' dir='ltr'>δὲ</span> <span class='ocrx_word' id='word_1_229' title='bbox 747 2086 816 2125; x_wconf 82' lang='grc' dir='ltr'>τὸν</span> <span class='ocrx_word' id='word_1_230' title='bbox 834 2084 1033 2135; x_wconf 82' lang='grc' dir='ltr'>μέλλοντα</span> <span class='ocrx_word' id='word_1_231' title='bbox 1051 2084 1206 2124; x_wconf 81' lang='grc' dir='ltr'>πόντιος</span> <span class='ocrx_word' id='word_1_232' title='bbox 1225 2082 1348 2134; x_wconf 83' lang='grc' dir='ltr'>μυχὸς</span> 
     </span>
     <span class='ocr_line' id='line_1_29' title="bbox 523 2147 1263 2204; baseline -0.007 -12"><span class='ocrx_word' id='word_1_233' title='bbox 523 2155 659 2204; x_wconf 78' lang='grc' dir='ltr'>σαφῶς</span> <span class='ocrx_word' id='word_1_234' title='bbox 678 2149 853 2192; x_wconf 60' lang='lat' dir='ltr'>{vrso-‘taff’</span> <span class='ocrx_word' id='word_1_235' title='bbox 874 2149 1012 2191; x_wconf 86' lang='grc' dir='ltr'>Ἰόνιος</span> <span class='ocrx_word' id='word_1_236' title='bbox 1033 2147 1263 2198; x_wconf 83' lang='grc' dir='ltr'>κεκλήσεται</span> 
     </span>
     <span class='ocr_line' id='line_1_30' title="bbox 522 2216 1424 2268; baseline -0.007 -8"><span class='ocrx_word' id='word_1_237' title='bbox 522 2218 588 2268; x_wconf 78' lang='grc' dir='ltr'>τῆς</span> <span class='ocrx_word' id='word_1_238' title='bbox 607 2220 676 2267; x_wconf 80' lang='grc' dir='ltr'>σῆς</span> <span class='ocrx_word' id='word_1_239' title='bbox 694 2217 851 2268; x_wconf 84' lang='grc' dir='ltr'>πορείας</span> <span class='ocrx_word' id='word_1_240' title='bbox 868 2217 997 2266; x_wconf 84' lang='grc' dir='ltr'>μνῆμα</span> <span class='ocrx_word' id='word_1_241' title='bbox 1017 2218 1096 2256; x_wconf 82' lang='grc' dir='ltr'>τοῖς</span> <span class='ocrx_word' id='word_1_242' title='bbox 1115 2216 1235 2254; x_wconf 80' lang='grc' dir='ltr'>πᾶσιν</span> <span class='ocrx_word' id='word_1_243' title='bbox 1255 2216 1424 2265; x_wconf 86' lang='grc' dir='ltr'>βροτοῖς.</span> 
     </span>
    </p>
   </div>
   <div class='ocr_carea' id='block_1_4' title="bbox 354 2310 1786 2962">
    <p class='ocr_par' dir='ltr' id='par_1_5' title="bbox 354 2310 1786 2634">
     <span class='ocr_line' id='line_1_31' title="bbox 354 2310 1783 2370; baseline -0.005 -14"><span class='ocrx_word' id='word_1_244' title='bbox 354 2316 536 2370; x_wconf 84' lang='lat' dir='ltr'>profecto</span> <span class='ocrx_word' id='word_1_245' title='bbox 555 2318 621 2365; x_wconf 85' lang='grc' dir='ltr'>τῆς</span> <span class='ocrx_word' id='word_1_246' title='bbox 646 2315 805 2366; x_wconf 86' lang='grc' dir='ltr'>πορείας</span> <span class='ocrx_word' id='word_1_247' title='bbox 833 2328 912 2354; x_wconf 90' lang='lat' dir='ltr'>non</span> <span class='ocrx_word' id='word_1_248' title='bbox 941 2322 1001 2353; x_wconf 90' lang='lat' dir='ltr'>est</span> <span class='ocrx_word' id='word_1_249' title='bbox 1029 2310 1377 2366; x_wconf 88' lang='lat' dir='ltr'>interpretandum</span> <span class='ocrx_word' id='word_1_250' title='bbox 1409 2316 1492 2351; x_wconf 80' lang='lat' dir='ltr'>tuae</span> <span class='ocrx_word' id='word_1_251' title='bbox 1521 2311 1783 2364; x_wconf 50' lang='lat' dir='ltr'>trqjectiomk,</span> 
     </span>
     <span class='ocr_line' id='line_1_32' title="bbox 355 2375 1786 2437; baseline -0.005 -15"><span class='ocrx_word' id='word_1_252' title='bbox 355 2382 424 2422; x_wconf 88' lang='lat' dir='ltr'>sed</span> <span class='ocrx_word' id='word_1_253' title='bbox 446 2381 581 2437; x_wconf 88' lang='lat' dir='ltr'>potius</span> <span class='ocrx_word' id='word_1_254' title='bbox 599 2381 766 2421; x_wconf 72' lang='lat' dir='ltr'>itineris</span> <span class='ocrx_word' id='word_1_255' title='bbox 785 2381 862 2428; x_wconf 73' lang='lat' dir='ltr'>tui,</span> <span class='ocrx_word' id='word_1_256' title='bbox 883 2379 1023 2420; x_wconf 75' lang='lat' dir='ltr'>aditus</span> <span class='ocrx_word' id='word_1_257' title='bbox 1049 2379 1111 2419; x_wconf 79' lang='lat' dir='ltr'>tm·</span> <span class='ocrx_word' id='word_1_258' title='bbox 1130 2394 1143 2424; x_wconf 90' lang='lat'>,·</span> <span class='ocrx_word' id='word_1_259' title='bbox 1175 2377 1372 2431; x_wconf 89' lang='lat' dir='ltr'>illumque</span> <span class='ocrx_word' id='word_1_260' title='bbox 1393 2376 1524 2416; x_wconf 89' lang='lat' dir='ltr'>sinum</span> <span class='ocrx_word' id='word_1_261' title='bbox 1548 2375 1786 2431; x_wconf 84' lang='lat' dir='ltr'>AEschylus,</span> 
     </span>
     <span class='ocr_line' id='line_1_33' title="bbox 354 2442 1785 2502; baseline -0.003 -15"><span class='ocrx_word' id='word_1_262' title='bbox 354 2462 434 2488; x_wconf 91' lang='lat' dir='ltr'>non</span> <span class='ocrx_word' id='word_1_263' title='bbox 456 2446 567 2502; x_wconf 92' lang='lat' dir='ltr'>quod</span> <span class='ocrx_word' id='word_1_264' title='bbox 590 2447 640 2486; x_wconf 93' lang='lat' dir='ltr'>Io</span> <span class='ocrx_word' id='word_1_265' title='bbox 659 2460 752 2486; x_wconf 90' lang='lat' dir='ltr'>eum</span> <span class='ocrx_word' id='word_1_266' title='bbox 775 2445 993 2486; x_wconf 84' lang='lat' dir='ltr'>tranaverit</span> <span class='ocrx_word' id='word_1_267' title='bbox 1012 2444 1142 2499; x_wconf 94' lang='lat' dir='ltr'>(quod</span> <span class='ocrx_word' id='word_1_268' title='bbox 1161 2443 1226 2484; x_wconf 86' lang='lat' dir='ltr'>alii</span> <span class='ocrx_word' id='word_1_269' title='bbox 1248 2443 1460 2498; x_wconf 89' lang='lat' dir='ltr'>scriptores</span> <span class='ocrx_word' id='word_1_270' title='bbox 1479 2442 1785 2484; x_wconf 89' lang='lat' dir='ltr'>comminiscun-</span> 
     </span>
     <span class='ocr_line' id='line_1_34' title="bbox 355 2508 1783 2567; baseline -0.005 -12"><span class='ocrx_word' id='word_1_271' title='bbox 355 2517 459 2565; x_wconf 87' lang='lat' dir='ltr'>tur),</span> <span class='ocrx_word' id='word_1_272' title='bbox 482 2513 551 2554; x_wconf 92' lang='lat' dir='ltr'>sed</span> <span class='ocrx_word' id='word_1_273' title='bbox 571 2512 683 2567; x_wconf 93' lang='lat' dir='ltr'>quod</span> <span class='ocrx_word' id='word_1_274' title='bbox 703 2526 796 2552; x_wconf 92' lang='lat' dir='ltr'>eum</span> <span class='ocrx_word' id='word_1_275' title='bbox 817 2511 975 2560; x_wconf 86' lang='lat' dir='ltr'>adierit,</span> <span class='ocrx_word' id='word_1_276' title='bbox 997 2526 1027 2550; x_wconf 90' lang='lat' dir='ltr'>s.</span> <span class='ocrx_word' id='word_1_277' title='bbox 1051 2524 1179 2564; x_wconf 88' lang='lat' dir='ltr'>usque</span> <span class='ocrx_word' id='word_1_278' title='bbox 1200 2509 1252 2550; x_wconf 91' lang='lat' dir='ltr'>ad</span> <span class='ocrx_word' id='word_1_279' title='bbox 1276 2523 1370 2549; x_wconf 90' lang='lat' dir='ltr'>eum</span> <span class='ocrx_word' id='word_1_280' title='bbox 1398 2524 1520 2550; x_wconf 91' lang='lat' dir='ltr'>cursu</span> <span class='ocrx_word' id='word_1_281' title='bbox 1540 2508 1783 2563; x_wconf 89' lang='lat' dir='ltr'>pervenerit,</span> 
     </span>
     <span class='ocr_line' id='line_1_35' title="bbox 356 2576 1066 2634; baseline -0.007 -14"><span class='ocrx_word' id='word_1_282' title='bbox 356 2581 522 2620; x_wconf 79' lang='lat' dir='ltr'>Ionium</span> <span class='ocrx_word' id='word_1_283' title='bbox 542 2577 791 2634; x_wconf 87' lang='lat' dir='ltr'>appellatum</span> <span class='ocrx_word' id='word_1_284' title='bbox 812 2577 937 2617; x_wconf 90' lang='lat' dir='ltr'>fuisse</span> <span class='ocrx_word' id='word_1_285' title='bbox 955 2576 1066 2616; x_wconf 87' lang='lat' dir='ltr'>dicit.</span> 
     </span>
    </p>

    <p class='ocr_par' dir='ltr' id='par_1_6' title="bbox 355 2639 1785 2896">
     <span class='ocr_line' id='line_1_36' title="bbox 411 2639 1783 2700; baseline -0.005 -14"><span class='ocrx_word' id='word_1_286' title='bbox 411 2647 440 2686; x_wconf 87' lang='lat' dir='ltr'>J</span> <span class='ocrx_word' id='word_1_287' title='bbox 444 2660 508 2686; x_wconf 88' lang='lat' dir='ltr'>am</span> <span class='ocrx_word' id='word_1_288' title='bbox 532 2644 809 2700; x_wconf 88' lang='lat' dir='ltr'>Apollodorus</span> <span class='ocrx_word' id='word_1_289' title='bbox 830 2644 880 2683; x_wconf 94' lang='lat' dir='ltr'>Io</span> <span class='ocrx_word' id='word_1_290' title='bbox 899 2641 1136 2698; x_wconf 88' lang='lat' dir='ltr'>priusquam</span> <span class='ocrx_word' id='word_1_291' title='bbox 1157 2641 1197 2680; x_wconf 92' lang='lat' dir='ltr'>in</span> <span class='ocrx_word' id='word_1_292' title='bbox 1228 2640 1436 2696; x_wconf 89' lang='lat' dir='ltr'>Scythiam</span> <span class='ocrx_word' id='word_1_293' title='bbox 1457 2640 1628 2680; x_wconf 89' lang='lat' dir='ltr'>venisset</span> <span class='ocrx_word' id='word_1_294' title='bbox 1649 2639 1783 2679; x_wconf 86' lang='lat' dir='ltr'>Thra-</span> 
     </span>
     <span class='ocr_line' id='line_1_37' title="bbox 355 2704 1783 2766; baseline -0.006 -14"><span class='ocrx_word' id='word_1_295' title='bbox 355 2713 462 2753; x_wconf 87' lang='lat' dir='ltr'>cium</span> <span class='ocrx_word' id='word_1_296' title='bbox 486 2712 728 2766; x_wconf 87' lang='lat' dir='ltr'>Bosporum,</span> <span class='ocrx_word' id='word_1_297' title='bbox 755 2710 807 2750; x_wconf 90' lang='lat' dir='ltr'>ab</span> <span class='ocrx_word' id='word_1_298' title='bbox 836 2724 883 2750; x_wconf 92' lang='lat' dir='ltr'>ea</span> <span class='ocrx_word' id='word_1_299' title='bbox 912 2708 967 2748; x_wconf 89' lang='lat' dir='ltr'>sic</span> <span class='ocrx_word' id='word_1_300' title='bbox 996 2707 1265 2753; x_wconf 86' lang='lat' dir='ltr'>nominatum,</span> <span class='ocrx_word' id='word_1_301' title='bbox 1292 2706 1490 2761; x_wconf 88' lang='lat' dir='ltr'>trajecisse</span> <span class='ocrx_word' id='word_1_302' title='bbox 1519 2704 1656 2745; x_wconf 85' lang='lat' dir='ltr'>scribit</span> <span class='ocrx_word' id='word_1_303' title='bbox 1671 2721 1683 2755; x_wconf 84' lang='lat'>3</span> <span class='ocrx_word' id='word_1_304' title='bbox 1714 2704 1783 2744; x_wconf 88' lang='lat' dir='ltr'>sed</span> 
     </span>
     <span class='ocr_line' id='line_1_38' title="bbox 355 2770 1785 2827; baseline -0.006 -9"><span class='ocrx_word' id='word_1_305' title='bbox 355 2779 408 2818; x_wconf 88' lang='lat' dir='ltr'>ab</span> <span class='ocrx_word' id='word_1_306' title='bbox 448 2778 522 2817; x_wconf 89' lang='lat' dir='ltr'>hac</span> <span class='ocrx_word' id='word_1_307' title='bbox 561 2776 787 2817; x_wconf 85' lang='lat' dir='ltr'>narratione</span> <span class='ocrx_word' id='word_1_308' title='bbox 825 2773 994 2815; x_wconf 87' lang='lat' dir='ltr'>discedit</span> <span class='ocrx_word' id='word_1_309' title='bbox 1029 2772 1281 2827; x_wconf 84' lang='lat' dir='ltr'>AEschylus3</span> <span class='ocrx_word' id='word_1_310' title='bbox 1334 2771 1486 2812; x_wconf 90' lang='lat' dir='ltr'>nullam</span> <span class='ocrx_word' id='word_1_311' title='bbox 1523 2772 1662 2811; x_wconf 89' lang='lat' dir='ltr'>saltem</span> <span class='ocrx_word' id='word_1_312' title='bbox 1697 2770 1785 2824; x_wconf 82' lang='lat' dir='ltr'>ejus</span> 
     </span>
     <span class='ocr_line' id='line_1_39' title="bbox 355 2842 762 2896; baseline -0.007 -13"><span class='ocrx_word' id='word_1_313' title='bbox 355 2843 597 2884; x_wconf 88' lang='lat' dir='ltr'>mentionem</span> <span class='ocrx_word' id='word_1_314' title='bbox 619 2842 762 2896; x_wconf 88' lang='lat' dir='ltr'>injicit.</span> 
     </span>
    </p>

    <p class='ocr_par' dir='ltr' id='par_1_7' title="bbox 414 2903 1781 2962">
     <span class='ocr_line' id='line_1_40' title="bbox 414 2903 1781 2962; baseline -0.005 -14"><span class='ocrx_word' id='word_1_315' title='bbox 414 2908 589 2962; x_wconf 88' lang='lat' dir='ltr'>Reliqua</span> <span class='ocrx_word' id='word_1_316' title='bbox 611 2923 705 2947; x_wconf 87' lang='lat' dir='ltr'>vero</span> <span class='ocrx_word' id='word_1_317' title='bbox 724 2907 812 2960; x_wconf 86' lang='lat' dir='ltr'>ejus</span> <span class='ocrx_word' id='word_1_318' title='bbox 832 2906 974 2946; x_wconf 87' lang='lat' dir='ltr'>itinera</span> <span class='ocrx_word' id='word_1_319' title='bbox 994 2905 1048 2944; x_wconf 83' lang='lat' dir='ltr'>sic</span> <span class='ocrx_word' id='word_1_320' title='bbox 1075 2903 1332 2959; x_wconf 89' lang='lat' dir='ltr'>persequitur</span> <span class='ocrx_word' id='word_1_321' title='bbox 1358 2903 1546 2958; x_wconf 82' lang='lat' dir='ltr'>tragicuS‚</span> <span class='ocrx_word' id='word_1_322' title='bbox 1571 2910 1614 2942; x_wconf 87' lang='lat' dir='ltr'>ut</span> <span class='ocrx_word' id='word_1_323' title='bbox 1641 2915 1781 2941; x_wconf 89' lang='lat' dir='ltr'>eorum</span> 
     </span>
    </p>
   </div>
  </div>
 </body>
</html>
