1898 3256
567 234 657 274 AD
689 232 1170 275 PROMETHEUM.
1547 230 1604 273 65

250 347 341 398 ὄρος
359 349 435 400 γὰρ
450 345 601 390 Ἀτλας
621 346 773 398 Λιβύης
792 347 836 386 ἐν
858 345 1056 399 ἐσχάτοις,

248 414 295 454 οὗ
317 414 387 466 τὴν
405 414 582 467 κορυφὴν
602 414 646 454 ἐκ
668 417 800 466 νεφῶν
822 413 1089 466 κεκρυμμένην

250 481 352 522 εἶναι
372 484 556 522 δοκοῦσιν
575 481 756 534 οὐρανοῖς
777 480 1046 533 συνημμένην.

250 550 435 590 ἐντεῦθεν
455 549 526 590 οὖν
539 547 744 600 Ἕλλησιν
762 549 787 600 ἦ
807 550 1038 602 μυθουργία,

244 615 452 657 Ἀτλαντα
472 617 610 660 νώτοις
630 617 759 657 εἰσαεὶ
778 615 908 657 πόλον
928 616 1083 669 φέρειν.

136 685 270 725 SCH.
320 683 518 725 Eustath.
549 699 590 740 p.
617 684 744 739 1389,
765 696 835 738 59.
862 682 1013 726 Ἀλλοι
1049 686 1091 725 δὲ
1119 684 1328 726 ’Ἄτλαντα
1362 683 1433 724 τὸν
1463 683 1605 734 νοητὸν

134 752 258 803 ἄξονα
292 755 441 799 νοοῦσι,
473 751 544 793 τὸν
571 753 635 793 διὰ
660 751 784 804 μέσης
817 754 884 802 τῆς
918 753 991 805 γῆς
1031 751 1294 803 ἐληλαμένον,
1330 752 1394 792 καὶ
1424 751 1502 792 ἀπὸ
1537 753 1606 792 τοῦ

133 820 296 872 βορείου
317 820 373 862 εἰς
392 818 463 859 τὸν
483 817 616 860 νότων
634 817 764 861 πόλον
785 819 1006 871 καθήκοντα
1037 837 1069 860 κ.
1093 837 1127 860 τ.
1148 825 1189 860 λ.
1239 818 1321 863 *Os*
1340 819 1513 873 συνεχὴς
1531 818 1606 870 μέν

135 888 223 928 ἐστι
253 889 351 927 κατὰ
382 886 455 937 τὴν
491 885 662 938 ὁλότητα
700 888 764 928 καὶ
799 888 866 931 εἷς·
898 888 958 928 διὸ
996 889 1058 929 καὶ
1090 888 1293 941 Αἰσχύλος
1325 889 1371 928 ἐν
1403 889 1611 939 Προμηθεῖ

136 956 248 996 κίονα
274 954 385 996 εἶπεν
412 957 548 999 ἑνικῶς
578 957 642 997 καὶ
672 957 718 997 οὗ
746 958 891 999 κίονας.
926 956 1149 998 STANI..
1210 955 1415 996 Fabulam
1446 954 1499 996 de
1521 956 1605 996 At-

134 1022 246 1064 lante
283 1022 490 1079 copiosius
530 1023 725 1065 tractavit
765 1023 1135 1065 Raoul-Rochette
1172 1023 1216 1063 in
1262 1021 1607 1064 commentatione

137 1089 304 1132 Parisiis
323 1090 434 1131 edita
449 1105 486 1131 a.
506 1090 633 1146 1835.
651 1091 856 1132 Me‘moire
875 1106 952 1133 sur
972 1091 1030 1132 les
1050 1092 1404 1147 representatione
1407 1092 1606 1148 figurem

135 1159 194 1200 du
207 1173 481 1215 per-emmage
500 1159 676 1201 &Adam

192 1227 452 1280 ὑποστεγάζει
481 1242 532 1268 ex
563 1227 803 1283 conjectura
832 1225 992 1268 editum
1023 1226 1257 1268 Hermanni
1280 1228 1437 1283 Opusc.
1461 1228 1543 1268 vol.
1571 1240 1606 1268 1.

136 1309 180 1350 p.
204 1307 299 1346 114.
320 1294 391 1335 sed
420 1309 468 1335 ea
489 1309 572 1335 non
593 1310 705 1335 vera.
768 1295 876 1335 Nam
910 1309 984 1335 nec
1014 1294 1167 1350 legitur
1197 1310 1374 1351 usquam
1405 1295 1483 1337 hoc
1516 1311 1604 1336 ver-

136 1361 238 1402 bum
269 1376 356 1412 nec,
388 1362 420 1403 si
452 1361 674 1418 legeretur,
701 1376 792 1403 eam
826 1376 953 1417 quam
986 1361 1055 1402 hic
1088 1362 1205 1403 locus
1234 1362 1419 1419 postulat
1445 1363 1606 1404 ferendi

135 1428 222 1470 sive
251 1429 494 1480 sustinendi,
528 1429 599 1471 sed
631 1429 799 1486 tegendi
835 1429 1098 1485 operiendive
1132 1430 1469 1486 significationem
1501 1442 1608 1472 esset

136 1496 393 1539 habiturum.
454 1497 573 1539 Libri
613 1512 757 1539 omnes
795 1498 1067 1548 ὑποστενάζει,
1103 1499 1218 1554 quod
1253 1500 1427 1540 verbum
1469 1499 1605 1556 ipsum

138 1580 306 1622 quoque
335 1565 504 1606 aliunde
529 1580 611 1606 non
633 1575 695 1607 est
715 1565 944 1622 cognitum,
975 1566 1182 1622 praebent,
1209 1567 1285 1608 nisi
1312 1567 1427 1623 quod
1454 1567 1494 1608 in
1522 1567 1607 1608 edi-

138 1633 248 1674 tione
269 1632 516 1683 Robortelli‚
539 1649 589 1674 ex
611 1649 743 1689 eaque
763 1633 803 1674 in
829 1633 1125 1690 Stephaniana‚
1148 1636 1418 1687 ὑποβαστάζει
1437 1635 1604 1691 legitur,

138 1701 255 1742 nullo
274 1701 375 1742 dum
397 1701 439 1741 in
460 1701 601 1742 codice
621 1701 862 1743 inventum:
895 1700 1011 1756 quod
1032 1701 1296 1743 manifestum
1319 1712 1380 1742 est
1403 1703 1606 1758 glossema

138 1769 388 1826 interpretis.
419 1769 676 1818 ὑποστενάζει
696 1768 796 1825 legit
816 1768 940 1809 etiam
963 1768 1181 1810 scholiasta
1202 1769 1417 1818 recentior,
1434 1769 1506 1824 qui
1522 1769 1604 1821 μετ’

138 1837 278 1880 ὠδῖνος
295 1836 579 1890 (scribendum
597 1837 735 1888 ὀδύνης
755 1852 805 1877 ex
827 1837 919 1878 cod.
940 1837 1078 1893 Lips.)
1096 1837 1288 1891 ὑπανέχει
1308 1836 1606 1893 interpretatus

137 1906 244 1947 bene
273 1905 442 1961 quidem
475 1904 599 1945 sensit
631 1904 734 1960 quid
770 1904 850 1946 dici
886 1905 1092 1953 debuerit,
1123 1905 1192 1945 sed
1225 1905 1435 1945 notionem
1467 1904 1607 1945 intulit

139 1987 237 2027 quae
264 1987 346 2013 non
377 1972 483 2013 inest
502 1971 631 2013 verbo
651 1972 946 2022 ὑποστενάζειν.
1007 1974 1114 2013 Eam
1136 1988 1214 2028 ego
1235 1972 1290 2013 sic
1320 1988 1407 2013 esse.
1437 1972 1603 2012 restitu-

138 2039 287 2081 endam
308 2040 487 2081 arbitror
509 2049 556 2080 ut
576 2040 711 2082 νώτοις
731 2040 839 2093 ὀχῶν
861 2040 1038 2089 στενάζει
1058 2040 1276 2081 scribatur.

194 2120 294 2162 432.
324 2108 563 2162 ξυμπίτνων]
599 2106 719 2148 Libri
751 2112 984 2159 ξυμπιτνῶν,
1018 2108 1094 2149 nisi
1126 2108 1240 2164 quod
1267 2107 1309 2148 in
1344 2107 1478 2148 tribus
1511 2112 1604 2159 ξυμ-

138 2175 291 2217 πίπτων
315 2185 391 2227 est‚
411 2176 618 2216 usitatumv
641 2175 751 2216 illius
780 2175 896 2217 verbi
924 2177 1139 2232 glossema.
1204 2175 1271 2217 Sic
1301 2175 1414 2231 apud
1448 2175 1607 2231 Sopho-

139 2242 242 2284 clem
265 2244 388 2299 Ajac.
409 2243 481 2299 58.
512 2244 716 2295 ἐμπίπτων
740 2242 782 2284 in
808 2243 1062 2299 quibusdam
1094 2243 1291 2299 scriptum
1321 2258 1398 2299 pro
1421 2259 1471 2284 eo
1490 2243 1606 2299 quod

139 2320 317 2352 metrum
341 2309 523 2367 postulat
540 2310 750 2362 ἐμπίτνων.
801 2311 1038 2352 Accentum
1059 2311 1238 2352 correxit
1261 2310 1534 2352 Blomfieldus
1552 2327 1603 2352 ex

139 2379 426 2421 observatione
457 2377 658 2429 Elmsleii‚
680 2393 805 2434 quem
837 2394 876 2421 v.
909 2379 963 2420 ad
994 2379 1149 2436 Eurip.
1182 2381 1352 2421 Heracl.
1383 2391 1448 2432 77.
1481 2390 1523 2421 et
1552 2379 1606 2420 ad

143 2448 338 2489 Medeam
360 2460 430 2502 53.
453 2462 492 2503 p.
516 2447 585 2487 86.

196 2514 340 2571 βυθός]
362 2516 490 2565 βαθύς
510 2515 576 2556 Μ.
600 2514 710 2555 Rob.

196 2595 299 2638 433.
314 2581 450 2626 Ἀϊδος
470 2581 520 2637 δ’]
547 2581 791 2637 Legebatur
812 2581 842 2622 δ’
861 2581 999 2626 ’Ἄϊδος
1019 2582 1162 2624 vitiato
1182 2593 1327 2623 metro.

197 2663 298 2705 434.
326 2650 473 2704 παγαί]
505 2651 629 2703 πηγαὶ
656 2649 818 2691 codices
845 2650 1021 2706 aliquot,
1053 2651 1161 2691 inter
1190 2665 1296 2705 quos
1331 2650 1396 2699 M,
1427 2658 1469 2688 ct
1501 2647 1601 2688 Ald.

142 2718 254 2758 Rob.

199 2783 254 2840 δ’]
277 2783 311 2826 θ’
335 2786 401 2825 Μ.

199 2853 427 2905 ἁγνορύτων
448 2852 670 2894 Heatbius.
722 2851 842 2893 Libri
863 2853 1123 2905 ἆγνορρύτων.

198 2932 298 2974 435.
319 2919 495 2976 οἰκτρόν]
517 2921 655 2972 πικρόν
674 2919 834 2976 aliquot
852 2920 1026 2970 codices,
1046 2918 1254 2975 adscripto
1269 2919 1311 2959 in
1333 2934 1417 2959 uno
1437 2920 1603 2972 οἰκτρόν.

199 2989 298 3042 436.
319 3004 379 3028 τοι
395 2988 463 3029 Μ.
483 2986 637 3043 aliique
657 3002 738 3030 non
761 2988 883 3045 pauci
898 2999 939 3030 et
958 2988 1066 3030 Rob.
1099 3005 1135 3029 τι
1156 2988 1205 3029 B.
1227 2997 1268 3029 et
1288 2986 1390 3028 Ald.
1409 2987 1547 3027 Turn.

867 3071 882 3097 1
