1898 3256
373 234 455 273 144
845 232 1343 274 ANNOTATIONES'

425 343 580 395 Κάδμου
601 343 818 398 ἐπώνυμον]
841 345 1042 395 ἐπώνυμον
1067 344 1221 394 Κάδμου
1242 344 1308 383 Μ.

427 421 516 461 140.
549 410 631 464 ἅτε]
664 412 850 451 Metrum
880 410 1060 465 postulat
1090 408 1146 450 ἅτ’
1169 409 1216 458 εἳ,
1243 409 1355 463 quod
1382 409 1552 464 conjecit
1583 409 1799 451 Seidlerus.

365 476 502 528 γένους
530 475 735 528 προμάτωρ
755 480 893 516 autem
918 476 1056 516 Venus
1076 475 1226 516 dicitur
1246 475 1344 530 quia
1365 475 1632 517 Harmoniam
1655 477 1800 518 Cadmi

369 556 536 582 uxorem
559 542 689 583 Marti
710 553 937 598 pepererat.

427 621 520 659 141.
541 610 616 661 γὰρ
636 608 823 649 additum
845 625 894 650 ex
917 608 1099 650 A.B.M.
1121 608 1302 664 aliisque.

421 678 572 716 λιταῖσι
593 675 872 715 Hermannus.
902 678 1028 717 λιταῖς
1045 673 1151 714 libri.

423 741 647 783 θεοκλύτοις
667 741 801 780 versui
822 741 1007 797 proximo
1026 740 1141 781 addit
1162 740 1262 781 Ald.

427 820 517 858 144.
539 807 746 861 ἇπύουσαι]
778 807 943 862 Syllaba
961 806 1138 848 secunda
1162 806 1361 862 producta
1382 817 1428 848 ut
1447 806 1558 862 apud
1582 807 1800 848 Moschum

369 886 407 921 2,
434 885 526 915 120.
551 872 752 926 κόχλοισιν
772 878 929 916 ταναοΐς
948 874 1089 926 γάμιον
1107 873 1226 924 μέλος
1245 873 1442 924 ἠπύοντες.

422 939 696 991 πελαζόμεσθα
728 939 867 995 steph.
890 949 930 980 et
950 954 1044 995 pars
1072 939 1271 980 codicum.
1323 939 1406 979 Alii
1435 938 1681 990 πελαζόμεθα
1707 955 1799 980 cum

367 1006 469 1046 Ald.
492 1006 602 1047 Rob.
627 1007 762 1046 Turn.

426 1084 519 1126 145.
540 1071 689 1126 Λύκει’]
713 1071 810 1113 λύκι’
833 1087 927 1127 pars
945 1072 1130 1113 codicum
1151 1081 1192 1113 et
1213 1072 1313 1113 Ald.

422 1138 549 1179 Λύκει’
571 1139 683 1193 ἄναξ]
705 1138 941 1194 Apollinem
965 1138 1167 1194 designari
1188 1138 1331 1194 liquet,
1353 1153 1480 1193 quum
1503 1153 1554 1179 ex
1574 1138 1662 1179 aliis
1681 1139 1801 1180 ratio-

365 1206 499 1252 nibus,
522 1215 608 1246 tum
631 1221 681 1246 ex
703 1207 853 1260 Agam.
873 1215 992 1259 1259.
1007 1205 1211 1246 Ὀτοτοτοῖ
1227 1206 1356 1246 Λύκει’
1371 1204 1596 1246 Ἀπόλλων.
1626 1205 1730 1246 OEd.
1746 1206 1800 1246 T.

367 1286 461 1327 203.
484 1272 610 1314 Λύκει’
632 1274 740 1322 ἄναξ.
787 1271 921 1312 Schol.
943 1270 1108 1312 Λύκειόν
1137 1277 1238 1324 φασι
1267 1271 1336 1311 τὸν
1355 1269 1608 1320 Ἀπόλλωνα,
1628 1271 1651 1322 ἢ
1673 1274 1735 1312 διὰ
1756 1272 1799 1313 τὸ

366 1341 409 1380 ἐν
429 1342 474 1394 τῇ
494 1340 615 1393 Λυκίᾳ
643 1340 688 1394 τῇ
718 1337 833 1379 πόλει
862 1341 1044 1389 τιμᾶσθαι
1071 1336 1244 1388 αὐτὸν,ἢ
1274 1339 1336 1378 διὰ
1363 1338 1407 1378 τὸ
1428 1339 1680 1378 ἀνατίθεσθαι
1701 1338 1800 1392 αὐτῷ

364 1407 484 1446 λύκον
503 1406 554 1447 ὡς
575 1404 691 1457 ἱερὸν,
712 1403 735 1455 ἢ
756 1407 818 1445 διὰ
837 1404 880 1444 τὸ
900 1406 1040 1447 λύκους
1060 1405 1227 1445 ἀνελεῖν.
1258 1403 1296 1455 ἢ,
1320 1405 1342 1444 ὅ
1362 1421 1408 1456 γε
1429 1403 1600 1456 κρεῖττόν
1622 1406 1719 1454 ἐστι,
1740 1406 1802 1444 διὰ

365 1473 409 1512 τὸ
429 1472 610 1524 λυκόφως
629 1476 771 1521 ποιεῖν,
792 1474 858 1522 τῆς
879 1471 1014 1513 νυκτὸς
1034 1470 1355 1524 ἀποχωρησάσης.
1408 1470 1628 1526 Sophocles
1654 1485 1800 1511 nomen

365 1538 515 1579 ducere
541 1538 704 1579 videtur
732 1553 756 1578 a
785 1539 911 1580 λύκος·
944 1537 1096 1578 Electr.
1119 1539 1159 1577 6.
1181 1542 1248 1578 τοῦ
1277 1535 1510 1578 λυκοκτόνου
1539 1540 1630 1578 θεοῦ
1653 1536 1801 1590 Ἀγορὰ

365 1605 541 1647 Λύκειος.
563 1603 635 1644 ubi
668 1603 750 1645 vid.
779 1603 900 1644 schol.
944 1603 1046 1644 OEd.
1070 1605 1175 1658 Tyr.
1200 1617 1295 1657 919.
1326 1603 1452 1644 Λύκει’
1478 1603 1697 1644 Ἀπολλον.
1732 1604 1802 1644 ubi

367 1670 490 1711 schol.
511 1673 676 1712 Λύκειον
695 1670 912 1724 γυμνάσιόν
929 1673 1038 1712 ε’σ-τιν
1056 1671 1283 1726 Ἀθήνῃσιν,
1300 1671 1394 1711 ἔνθα
1407 1669 1619 1711 Ἀπόλλων
1637 1674 1799 1722 τιμᾶται.

367 1740 430 1779 καὶ
460 1740 730 1792 Καλλίμαχος.
762 1740 852 1791 (Fr.
884 1741 999 1791 141.)
1033 1739 1109 1791 ἐγὼ
1143 1739 1173 1778 δ’
1204 1737 1353 1788 ἤντησα
1385 1738 1546 1777 Λυκείου
1580 1737 1717 1777 Καλὸν
1743 1737 1802 1777 ἀεὶ

365 1803 564 1853 λιπόωντα
584 1807 680 1846 κατὰ
702 1804 845 1858 δρόμον
863 1803 1128 1846 Ἀπόλλωνος.
1164 1803 1295 1844 Aliud
1316 1812 1480 1858 etymon
1501 1803 1656 1858 praebet
1677 1802 1799 1843 schol.

367 1871 579 1926 Aristoph.
611 1872 693 1913 Av.
724 1872 819 1927 368.
859 1872 934 1912 Καὶ
964 1872 1080 1922 νόμος
1109 1871 1157 1921 ἢν
1186 1875 1448 1911 λυκοκτονεΐν.
1485 1871 1544 1911 διὸ
1574 1872 1595 1910 ὁ
1623 1871 1696 1921 μὲν
1727 1876 1800 1922 φο-

367 1940 490 1980 νεύων
509 1940 627 1979 λύκου
647 1938 786 1979 τέκνον
805 1938 999 1979 τάλαντον
1016 1937 1232 1989 ἐλάμβανε,
1254 1939 1275 1978 ὁ
1292 1939 1334 1977 δὲ
1353 1937 1518 1988 τέλειον,
1539 1939 1618 1978 δύο.
1653 1938 1714 1978 καὶ
1733 1937 1802 1978 τὸν

365 2005 605 2047 Ἀπόλλωνα
633 2006 790 2046 λύκειον
822 2006 882 2046 καὶ
910 2003 1145 2045 λυκοκτόνου
1174 2006 1285 2057 φασί.
1336 2004 1540 2060 Porphyr.
1562 2004 1614 2044 de
1634 2004 1800 2045 Abstin.

365 2086 404 2127 3.
439 2088 480 2127 p.
508 2073 600 2124 287.
636 2073 711 2112 Καὶ
738 2073 905 2122 τοῦνομα
935 2075 1002 2111 τοῦ
1032 2070 1252 2123 θρέψαντος
1289 2071 1445 2124 ἔφερον.
1490 2072 1582 2112 ὅθεν
1612 2072 1673 2112 καὶ
1702 2075 1804 2114 θεοῖς

367 2140 591 2190 ἐπωνυμίαι,
614 2139 794 2192 Διονύσῳ
822 2139 895 2188 μὲν
919 2138 1174 2189 Εἶραφιώτης,
1193 2136 1419 2178 Ἀπόλλωνι
1449 2138 1491 2178 δὲ
1515 2138 1684 2180 Λύκειος.
1735 2137 1801 2177 Cf.

367 2207 546 2246 Pausan.
587 2219 621 2254 1,
662 2219 721 2258 19.
765 2217 801 2255 2,
840 2218 901 2258 19.
943 2203 1014 2244 ubi
1053 2203 1270 2259 legendum
1311 2204 1474 2244 Λυκείου
1515 2218 1566 2243 ex
1607 2203 1799 2258 Sophocl.

367 2272 521 2312 Electr.
543 2273 583 2312 6.
644 2270 753 2311 Mihi
777 2285 875 2311 vero
903 2279 1156 2325 compertum
1178 2278 1252 2319 est,
1282 2269 1385 2311 hanc
1413 2284 1550 2310 vocem
1579 2269 1800 2309 derivatam

366 2354 452 2379 esse
480 2353 505 2378 a
533 2338 641 2388 λυκὴ,
663 2337 905 2387 diluculum,
926 2337 1035 2377 unde.
1056 2337 1298 2378 Latinorum
1323 2338 1410 2377 lux.
1457 2335 1695 2376 Macrobius
1717 2336 1800 2375 Sat.

373 2418 408 2454 1,
437 2416 500 2458 17.
530 2405 586 2445 ait
616 2409 808 2444 “annum
841 2403 1100 2444 vetustissimi
1135 2404 1376 2444 Graecorum
1408 2403 1637 2453 λυκάβαντα
1665 2401 1802 2457 appel-

366 2471 466 2521 lant,
487 2470 554 2512 τὸν
582 2470 657 2511 ὑπὸ
687 2473 755 2511 τοῦ
782 2471 915 2519 λύκου,
936 2469 963 2509 i.
987 2485 1019 2510 e.
1044 2469 1140 2520 sole,
1160 2471 1399 2521 βαινόμενον
1419 2470 1481 2510 καὶ
1506 2468 1803 2521 μετρούμενον.”

368 2539 427 2578 Et
448 2552 527 2578 non
550 2537 679 2577 solum
700 2537 976 2587 vetustissimi,
999 2537 1067 2577 sed
1089 2546 1130 2577 et
1154 2537 1409 2586 recentiores,
1431 2552 1464 2577 e.
1486 2551 1525 2591 g.
1547 2535 1652 2576 Bion
1674 2536 1714 2585 6,
1739 2548 1801 2586 14.

367 2614 407 2645 et
436 2604 490 2644 sic
525 2603 734 2644 Heraclid.
767 2605 888 2644 Pont.
919 2603 1100 2658 Allegor.
1134 2605 1260 2644 Hom.
1287 2605 1328 2644 6.
1372 2603 1464 2644 Vid.
1504 2602 1715 2644 Clarkium
1749 2601 1800 2642 ad

370 2670 491 2711 Iliad.
523 2674 564 2710 Γ.
590 2682 682 2724 203.
730 2669 954 2725 AEschylus
982 2685 1079 2710 vero
1107 2670 1211 2711 ludit
1237 2670 1276 2711 in
1304 2670 1480 2711 secundo
1505 2670 1669 2716 λύκειος,
1690 2668 1801 2723 quod

370 2737 605 2791 Hesychius
626 2746 732 2777 recte
753 2736 930 2793 explicat
949 2752 1023 2792 per
1044 2737 1231 2790 φοβερὸς,
1250 2737 1340 2792 lupi
1360 2737 1521 2777 similis.
1556 2735 1779 2777 BLOMF.

426 2804 601 2858 Λύκειος]
623 2805 673 2846 ὡς
692 2805 806 2847 λύκος
827 2805 891 2844 Μ.

431 2871 523 2921 146.
543 2871 675 2924 ἀϋτᾶς]
697 2871 951 2911 Vocabulum
973 2879 1210 2926 corruptum
1232 2869 1271 2910 in
1294 2884 1378 2924 quo
1392 2869 1632 2925 explicando
1651 2868 1803 2909 frustm

370 2935 555 2976 laborant
575 2936 811 2986 scholiastae,
832 2951 1008 2992 quorum
1038 2951 1144 2977 unus
1172 2936 1260 2977 haec
1286 2935 1341 2977 sic
1370 2935 1560 2991 explicat,
1582 2934 1804 2986 ἐπιβλαβὴς
