1898 3256
377 229 466 269 AD
500 227 753 269 SEPTEM
787 224 1117 267 ADVERSUS
1150 223 1423 264 THEBAS.
1554 222 1639 266 137

230 342 296 381 80.
327 342 451 385 πολὺς
480 342 547 383 ὅδε
573 340 731 395 aliquot
754 338 875 381 codd.
906 348 948 380 et
977 337 1086 378 Rob.
1139 336 1227 377 Alii
1255 336 1381 379 πολὺς
1405 337 1493 384 ὧδε,
1520 336 1635 392 quod

168 419 230 450 est
249 408 289 449 in
312 409 424 450 A.B.
477 408 616 464 Vulgo
635 409 759 451 πολὺς
781 406 810 448 δ’
834 408 923 447 ὦδε.

225 477 342 532 λεὼς]
362 477 462 520 λαὸς
481 476 567 518 duo
586 475 705 518 codd.

227 544 295 585 81.
316 543 492 599 φανεῖσ’]
520 548 697 597 φανεῖσα
717 542 819 584 Ald.
845 544 980 584 Turn.

227 612 293 654 82.
316 612 464 667 σαφὴς]
487 612 620 665 σαφὴς
640 610 672 652 δ’
693 611 780 653 duo
799 610 971 652 codices.

228 679 410 735 83—84.
443 681 659 732 ἑλεδεμνᾶς
682 679 759 734 (sic
781 680 917 720 Turn.
940 687 982 720 et
1000 677 1160 720 codices
1190 687 1344 735 praeter
1365 679 1414 729 C,
1437 678 1511 734 qui
1543 680 1635 719 ἐλα-

168 747 331 799 δάμνας.
364 749 578 800 ἐλεδεμνᾶς
609 747 710 790 Ald.
742 748 950 800 ἐλϊδεμνᾶς
980 746 1111 802 Rob.)
1144 747 1483 791 πεδιοπλόκτυπός
1514 744 1544 787 τ’
1571 747 1634 799 ε’γ-

168 816 400 870 χρίμπτεται
419 818 512 867 βοὰ,
542 815 722 871 ποτᾶται]
756 815 822 856 Sic
855 816 1066 856 Porsonus
1095 815 1186 857 haec
1216 815 1367 871 scripta
1388 813 1521 855 edidit
1543 815 1634 855 Ste-

168 883 297 940 phani
316 884 536 926 editionem
560 893 737 926 secutus.
790 886 936 940 Atque
962 883 1003 926 in
1032 893 1265 925 monstroso
1284 881 1488 924 vocabulo
1507 885 1636 924 πεδιο-

170 955 392 996 πλόκτυπος
420 953 512 994 libri
535 953 606 1009 qui
638 952 775 994 adhuc
801 953 1074 994 innotuerunt
1093 967 1235 994 omnes
1255 951 1534 1002 consentiunt,
1556 950 1637 992 dis.

170 1021 352 1063 sentiunt
371 1037 470 1062 vero
489 1021 530 1062 in
553 1021 686 1062 verbis
716 1021 914 1077 proximis
943 1020 975 1062 τ’
1000 1022 1280 1075 ἐγχρίμπτεται
1299 1020 1391 1071 βοά,
1414 1035 1512 1076 quae
1543 1020 1635 1061 Ste-

169 1088 332 1145 phanus
353 1090 492 1146 posuit
512 1089 655 1131 leviter
677 1099 836 1131 mutata
857 1089 1088 1131 Robortelli
1112 1089 1317 1145 scriptura
1343 1088 1374 1129 τ’
1398 1090 1635 1143 ἐγχρίμπτε-

171 1175 235 1199 ται
256 1160 348 1212 βοᾷ.
379 1175 422 1199 τε
451 1158 684 1212 χρίμπτεται
702 1159 783 1213 βοᾷ
816 1157 917 1199 Ald.
942 1159 1078 1199 Turn.
1110 1173 1205 1198 cum
1236 1157 1380 1214 paucis
1409 1156 1635 1206 codicibus,

169 1240 348 1281 quorum
370 1226 410 1266 in
432 1225 598 1267 duobus
616 1228 698 1277 βοὰ
718 1225 882 1282 legitur.
915 1244 958 1268 τε
977 1227 1183 1280 χρίπτεται
1202 1225 1284 1277 βοά
1305 1226 1358 1266 Ε.
1396 1225 1547 1267 Plures
1567 1225 1636 1267 ὠτὶ

169 1293 231 1334 vel
272 1311 315 1334 τε
349 1294 416 1335 ὧτὶ
454 1294 820 1359 χρίμπτεταιίβοά,
856 1294 1134 1351 superscripto
1165 1295 1205 1335 in
1240 1295 1405 1335 A.B.C.
1442 1294 1527 1335 ὠσί.
1582 1295 1636 1335 In

170 1362 234 1401 M.
276 1378 312 1402 τι
350 1363 582 1416 χρίμπτεται
628 1363 727 1415 βοᾷ,
778 1371 948 1403 accentu
992 1362 1190 1418 postremi
1231 1361 1423 1403 vocabuli
1463 1361 1517 1403 ab
1556 1361 1636 1403 alia

168 1443 293 1470 manu
325 1430 616 1487 superscripto,
641 1440 682 1470 et
709 1430 750 1470 in
776 1429 962 1487 margine
989 1430 1137 1471 iterum
1167 1430 1221 1472 ab
1249 1429 1330 1471 alia
1361 1445 1503 1481 manu,
1533 1431 1637 1474 τινὲς

169 1496 242 1538 ὠσὶ
261 1498 492 1551 χρίμπτεται
512 1498 606 1550 βοά.
668 1498 828 1539 Eadem
853 1498 973 1540 lectio
993 1516 1030 1540 τι
1052 1500 1288 1553 χρίμπτεται
1307 1498 1390 1551 βοά
1410 1498 1452 1539 in
1477 1499 1529 1540 Β.
1552 1499 1636 1556 sig-

168 1564 360 1606 nificatur
388 1565 596 1622 adscripto
610 1565 663 1607 ad
684 1583 728 1607 τε
747 1565 994 1622 particulam
1024 1584 1085 1620 γρ.
1117 1566 1163 1608 τΐ.
1218 1566 1384 1608 Scholia
1414 1566 1453 1607 in
1487 1568 1553 1609 M.
1580 1567 1635 1609 ad

170 1634 243 1675 hos
279 1650 419 1676 versus
450 1635 536 1675 duo
576 1645 736 1677 tantum
780 1635 992 1691 leguntur,
1025 1634 1200 1676 alterum
1236 1651 1261 1676 a
1299 1650 1424 1676 manu
1463 1635 1636 1692 antiqua

167 1702 382 1758 scriptum,
401 1704 463 1743 καὶ
483 1705 530 1743 τὰ
549 1705 616 1754 τῆς
636 1705 707 1755 γῆς
730 1703 774 1743 δέ
800 1720 874 1754 μου
904 1705 1018 1744 πεδία
1050 1704 1395 1756 κατακτυπούμενα
1425 1709 1508 1748 τοῖς
1537 1706 1635 1746 ποσὶ

168 1773 245 1811 τῶν
268 1771 396 1811 ἵππων
421 1771 483 1812 καὶ
513 1774 589 1811 τῶν
618 1771 754 1812 ὅπλων
781 1774 887 1812 ποιεῖ
907 1788 981 1822 μου
1005 1771 1297 1823 προσπελάζειν
1322 1772 1392 1813 τὸν
1424 1771 1526 1826 ἦχον
1553 1776 1636 1816 τοῖς

170 1837 280 1879 ὠσίν.
311 1838 485 1879 alterum
506 1853 530 1879 a
552 1853 676 1880 manu
708 1838 935 1889 recentiori,
960 1840 1173 1890 ἐλεδεμνᾶς
1192 1837 1215 1889 ἢ
1236 1839 1279 1879 τὸ
1303 1839 1422 1890 δέμας
1446 1841 1540 1894 (hoc
1561 1841 1635 1897 qui

170 1905 331 1963 scripsit
350 1906 539 1959 ἑλεδέμας
559 1906 675 1963 legit)
698 1908 795 1960 ἡμᾶς
821 1910 873 1963 τῷ
894 1909 1011 1963 φόβῳ
1038 1907 1306 1959 λαμβάνουσα
1326 1907 1349 1959 ἢ
1370 1909 1631 1962 ταράττουσα·

169 1971 192 2024 ἢ
214 1974 427 2026 ε’λεδεμνὰς
446 1975 470 2025 ἡ
489 1976 640 2016 ἑλοῦσα
661 1974 738 2016 ἀπὸ
758 1979 836 2016 τῶν
856 1977 1035 2028 δεμνίων.
1098 1976 1256 2017 Eadem
1282 1976 1368 2017 fere
1398 1978 1441 2018 in
1472 1977 1636 2018 scholiis

170 2040 291 2082 editis
324 2041 537 2098 leguntur,
572 2058 647 2084 nec
678 2042 890 2085 dissimilia
922 2044 1195 2085 recentiorum
1229 2043 1502 2099 interpretum
1537 2057 1634 2087 sunt

169 2121 413 2160 commenta,
434 2126 612 2166 quorum
633 2127 771 2168 operae
801 2111 979 2168 pretium
1013 2126 1093 2152 non
1124 2121 1186 2153 est
1211 2112 1373 2154 ostendi
1403 2113 1635 2156 absurdita-

170 2186 268 2227 tem,
289 2193 420 2234 quum
447 2194 583 2219 veram
616 2179 764 2220 horum
788 2195 982 2221 versuum
1011 2181 1255 2238 scripturam
1287 2180 1448 2237 pridem
1481 2182 1631 2224 indica-

170 2259 312 2295 veum,

198 2313 266 2354 ἕλε
288 2313 371 2366 (vel
389 2315 492 2368 εἷλε)
510 2314 540 2355 δ’
564 2317 658 2366 ἐμὰς
677 2315 826 2368 φρένας
847 2315 945 2359 δέος·
972 2317 1108 2357 ὅπλων
1131 2318 1271 2360 κτύπος
1292 2320 1631 2371 ποτιχρίμπτεται,

198 2382 260 2421 διὰ
280 2380 401 2422 πέδον
420 2384 502 2434 βοδι
521 2386 700 2433 ποτᾶται,
721 2383 861 2436 βρέμει
882 2383 983 2425 δ’-.

171 2448 304 2498 Quam
335 2448 368 2489 si
388 2448 482 2504 quis
501 2465 595 2491 cum
616 2450 802 2492 codicum
835 2450 1080 2493 lectionibus
1110 2467 1236 2509 supra
1257 2453 1491 2494 memoratis
1517 2469 1630 2495 com—

170 2525 301 2572 paret,
321 2516 441 2558 facile
466 2517 668 2574 intelliget
691 2518 933 2560 immanium
964 2519 1130 2561 illorum
1150 2519 1347 2561 vitiorum
1367 2535 1554 2562 caussam
1575 2520 1630 2563 ab

168 2583 411 2640 antiquioris
444 2585 658 2641 cujusdam
695 2585 847 2628 codicis
881 2586 1116 2628 conditione
1147 2602 1234 2628 esse
1267 2587 1551 2644 repetendam,
1586 2589 1629 2630 in

167 2667 253 2708 quo
272 2652 412 2694 tenuia
441 2661 603 2694 tantum
634 2653 843 2695 literarum
870 2654 1042 2710 vestigia
1070 2655 1383 2711 superfuerunt,
1403 2670 1455 2695 ex
1475 2656 1630 2712 quibus

167 2721 413 2777 scripturam
434 2721 644 2777 vulgatam
665 2732 988 2778 composuerunt
1013 2722 1181 2763 librarii.
1243 2723 1352 2764 Cum
1374 2723 1518 2779 primis
1538 2740 1627 2766 ver-

165 2787 229 2829 bis
260 2789 343 2829 εἷλε
363 2788 394 2829 δ’
418 2790 512 2841 ἐμᾶς
535 2790 682 2843 φρένας
711 2790 799 2834 δέος
827 2800 1092 2846 comparetur
1114 2790 1328 2831 Prometh.
1353 2791 1445 2832 181.
1467 2793 1564 2843 ἐμὰς
1584 2794 1625 2834 δὲ

167 2855 316 2908 φρένας
336 2857 491 2910 ἐρέθισε
512 2857 688 2911 διάτορος
706 2860 848 2911 φόβος.

227 2923 292 2963 86.
315 2924 358 2964 ἰὼ
381 2925 425 2964 ἰὼ
447 2925 501 2965 Ν.
537 2926 580 2966 ἰὼ
601 2926 644 2966 ἰὼ
667 2927 710 2967 ἰὼ
732 2926 776 2967 ἰὼ
797 2925 924 2982 vulgo
945 2927 988 2967 ἰὼ
1011 2928 1054 2967 ἰὼ
1077 2927 1119 2967 ἰὼ
1141 2927 1260 2968 Β.Μ.
1283 2936 1324 2968 et
1345 2927 1457 2968 Rob.

880 3014 898 3035 S
