1898 3256
335 244 423 285 AD
456 243 709 286 SEPTEM
743 241 1074 283 ADVERSUS
1108 239 1377 280 THEBAS.
1508 239 1592 284 199

129 354 352 411 Apollinis,
374 370 460 411 quo
487 356 593 397 Laio
623 369 674 396 ne
699 353 849 395 liberos
877 359 1114 409 procrearet
1144 351 1443 398 interdixerat;
1477 365 1594 392 secus

128 422 161 463 si
177 422 341 474 faceret,
363 437 458 464 eum
479 438 504 464 a
523 422 609 464 filio
627 421 804 464 occisum
826 420 891 473 iri,
912 429 1126 477 totamque
1145 421 1236 476 ejus
1255 419 1426 461 domum
1448 418 1595 460 misere

128 489 353 545 perituram
377 506 479 540 esse,
499 491 694 531 minatus.
727 490 861 531 SCH.

187 558 286 610 692.
308 558 456 612 ἵμερος]
481 557 601 610 θυμὸς
621 557 731 599 Rob.

188 626 398 681 ἐξοτρύνει]
421 627 624 679 ἐποτρύνει
644 625 730 666 duo
749 624 869 666 codd.
891 633 931 665 et
952 624 1062 666 Rob.

187 696 288 748 694.
321 695 367 735 οὐ
397 693 599 749 θεμιστοῦ]
631 694 676 735 οὐ
706 696 864 741 θεμιτοῦ
889 691 1030 749 vulgo.
1092 692 1336 732 Con-rectum
1362 705 1413 732 ex
1436 691 1501 731 M.
1523 690 1597 746 qui
1665 709 1680 716 ..

131 767 176 808 οὗ
197 759 394 819 θεμισῖτοῦ.
457 768 508 808 In
533 768 584 808 B.
607 784 671 821 γρ.
693 768 919 819 ἀθεμίστου.
940 807 942 809 ,

188 837 287 890 695.
324 835 448 889 ἐχθρά
479 850 575 891 pars
606 834 796 876 codicum
829 844 871 876 et
903 833 1014 875 Rob.
1056 832 1206 887 αἰσχρά
1239 831 1323 884 alii,
1352 831 1460 874 inter
1491 847 1598 888 quos

133 903 216 952 M.,
237 912 278 944 et
299 902 403 944 Ald.
427 904 564 944 Turn.
589 903 732 959 Steph.

189 969 309 1012 τέλει’
341 970 487 1027 Steph.
517 971 654 1012 τελεία
683 971 798 1012 F.L.
838 973 951 1012 τελεῖ
976 968 1136 1012 codices
1166 978 1249 1010 tres
1278 978 1320 1010 et
1349 967 1454 1009 Ald.
1486 967 1596 1009 Rob.

133 1042 266 1080 τελεῖν
292 1039 427 1080 Turn.
491 1044 521 1064 “
544 1038 848 1096 Recipiendum
876 1047 982 1094 puto
1010 1041 1156 1084 τελεῖν,
1187 1045 1234 1079 nt
1263 1035 1317 1078 sit
1347 1035 1600 1079 constructio

133 1105 362 1158 προσιζάνει
390 1110 536 1149 τελεῖν.
566 1108 697 1148 Eum.
731 1107 829 1160 674.
861 1115 957 1161 730.
992 1103 1098 1157 μένω
1128 1105 1161 1145 δ’
1192 1105 1372 1145 ἀκοῦσαι.
1405 1103 1599 1159 Sophocl.

135 1173 242 1216 OEd.
275 1175 323 1216 C.
349 1186 414 1217 12.
444 1174 662 1227 μανθάνειν
684 1175 843 1226 ἥκομεν.
877 1174 1052 1214 Homer.
1085 1171 1210 1214 Iliad.
1237 1176 1268 1213 Ι.
1290 1184 1390 1225 442.
1421 1171 1601 1214 Τούνεκά

133 1259 184 1293 με
202 1241 383 1295 προέηκε,
406 1241 683 1295 διδασκεμέναι
702 1241 796 1284 τάδε
814 1241 956 1283 πάντα.
1019 1241 1087 1282 Sic
1116 1239 1232 1296 apud
1254 1239 1430 1281 Latinos
1454 1239 1600 1296 Virgil.

139 1311 240 1352 AEn.
258 1323 295 1361 1,
316 1322 413 1365 527.
455 1311 558 1352 Non
577 1325 653 1352 nos
672 1316 749 1352 aut
758 1310 893 1366 firro
913 1309 1090 1364 Libycos
1106 1308 1312 1364 populare
1331 1308 1514 1349 Penates
1533 1322 1602 1350 ve-

135 1379 293 1429 nimus,
314 1385 390 1420 aut
408 1384 556 1434 rapta-§⁸
574 1380 633 1419 ad
649 1378 777 1419 litora
796 1383 956 1418 vertere
967 1376 1155 1433 praedas.
1183 1374 1404 1425 Horatius,
1418 1390 1504 1416 ‘non
1524 1389 1603 1432 ego

135 1453 175 1488 te
185 1447 407 1503 flung-ere
429 1446 699 1503 persequor.''
731 1446 962 1487 BLOMF.
996 1448 1130 1486 τελεῖν
1162 1443 1357 1484 Turnebi
1387 1453 1449 1485 est
1477 1443 1604 1485 inter-

137 1514 294 1571 polatio
326 1530 377 1556 ex
409 1514 567 1556 Aldina
601 1513 774 1555 lectione
804 1517 916 1555 τελεῖ
942 1512 1082 1555 ducta.
1113 1510 1249 1552 τέλεια
1277 1511 1451 1552 fortasse
1480 1520 1604 1553 erunt

138 1582 211 1638 qui
231 1597 308 1638 pro
327 1584 462 1624 τελεία
481 1582 638 1624 dictum
660 1581 903 1632 defendant,
927 1590 975 1622 ut
992 1580 1223 1633 Διομήδεια,
1238 1578 1445 1632 Ἑκτόρεια
1464 1590 1506 1621 et
1525 1579 1604 1621 alia

139 1650 379 1707 hujusmodi
399 1660 578 1692 retracto
596 1660 768 1693 accentu
790 1650 1003 1700 dicuntur,
1018 1650 1070 1691 de
1089 1664 1175 1705 quo
1190 1647 1363 1704 exposui
1380 1647 1434 1688 ad
1452 1648 1602 1705 Eurip.

142 1718 272 1760 Rhes.
293 1720 390 1773 762.
420 1717 573 1760 τάλαιν’
598 1717 766 1774 corrigit
787 1716 1132 1758 Wordsworthus
1161 1716 1203 1757 in
1234 1716 1301 1757 the
1326 1716 1475 1773 philol.
1500 1717 1605 1758 Mu-

140 1801 256 1828 sewm
278 1786 360 1828 vol.
383 1800 419 1827 1.
440 1801 484 1842 p.
509 1798 606 1828 222.
638 1785 787 1827 collato
814 1785 965 1842 Eurip.
990 1784 1126 1841 Hipp.
1147 1786 1268 1840 1236.
1301 1784 1331 1826 ὦ
1362 1785 1509 1838 πατρὸς
1537 1787 1605 1827 τά-

142 1853 358 1907 λαιν”ἆρόη
390 1855 624 1896 BLOMF.

204 1923 301 1975 696.
322 1924 419 1975 ξηρὰ
438 1923 594 1975 ὄμματα
613 1937 695 1962 non
717 1929 814 1963 sunt
829 1924 895 1973 τῆς
913 1921 1048 1974 Ἀρᾶς,
1066 1921 1135 1962 sed
1154 1921 1351 1971 Eteoclis,
1369 1921 1457 1977 qui,
1473 1937 1607 1978 quum

144 1989 335 2031 interitus
347 1989 442 2031 Laii
462 1989 629 2031 familiae
648 1989 735 2030 fato
755 1989 1004 2031 constitutus
1024 1989 1090 2040 sit,
1113 1988 1228 2030 nulla
1248 2004 1292 2030 re
1312 1989 1365 2030 ad
1386 1989 1488 2030 iram
1507 1990 1608 2031 mol-

144 2057 323 2099 liendam
353 2058 600 2099 commoveri
629 2066 779 2114 potest.
812 2058 1141 2099 MATTHIAE
1169 2057 1222 2098 ad
1244 2056 1440 2114 Euripid.
1463 2057 1542 2099 vol.
1566 2059 1608 2099 6.

148 2142 189 2183 P·
213 2138 308 2179 174-

204 2193 457 2249 ἀκλαύστοις]
478 2194 686 2237 ἀκλαύτοις
704 2193 992 2235 Blomfieldus.

208 2264 305 2316 697.
324 2261 461 2316 μόρου]
481 2263 604 2315 μόρον
623 2261 710 2302 (1υο
728 2261 848 2303 codd.
871 2272 912 2302 et
932 2261 1033 2302 Ald.
1057 2262 1194 2302 Turn.
1223 2265 1250 2285 “
1275 2260 1316 2301 Si
1337 2276 1480 2303 versus
1500 2271 1610 2303 recte

152 2344 194 2370 se
212 2328 351 2378 habet,
372 2329 622 2371 constructio
644 2329 736 2380 erit,
756 2330 936 2383 λέγουσα
963 2331 1096 2382 κέρδος
1122 2330 1224 2371 εἶναι
1245 2333 1404 2381 μᾶλλον
1422 2330 1492 2371 τὸν
1510 2331 1608 2382 πρό·
1636 2374 1639 2377 f

151 2413 265 2449 τερον
296 2400 364 2437 τοῦ
401 2396 567 2448 ὑστέρου
605 2398 737 2450 μόρου.
816 2397 858 2438 Si
892 2399 1015 2449 μόρον
1045 2397 1173 2453 legas,
1209 2396 1456 2438 tantundem
1492 2396 1609 2438 erit.”

154 2463 380 2504 BLOMF.

211 2530 431 2583 698-701
444 2550 485 2567 =
498 2532 735 2585 705—708.

212 2597 309 2648 698.
331 2597 461 2651 κακὸς]
479 2598 594 2640 κακὸς
609 2597 640 2639 δ’
659 2598 838 2639 Vindob.
857 2608 948 2639 tres.
967 2599 1096 2642 δειλὸς
1116 2598 1275 2655 aliquot
1295 2598 1417 2640 codd.
1440 2608 1480 2639 et
1498 2599 1611 2640 Rob.

215 2664 414 2718 κεκλήσει]
437 2665 606 2716 κεκλήσῃ
625 2665 732 2707 libri.

216 2734 315 2787 699.
344 2733 438 2783 βίον
466 2733 508 2773 εὖ
539 2733 720 2789 κυρήσας]
742 2734 812 2775 τὸν
841 2734 934 2786 βίον
956 2736 998 2776 εὖ
1019 2735 1153 2785 διάξας
1183 2734 1480 2790 interpretatur
1499 2734 1614 2776 scho-

157 2800 285 2842 liasta.

213 2867 244 2908 δ’
266 2877 358 2923 post
377 2869 609 2921 μελαναιγὶς
626 2868 776 2910 lectum
798 2869 948 2911 delevit
969 2869 1179 2911 Pauwius.

215 2952 310 2994 700.
333 2941 427 2996 εἶσι]
449 2933 527 2983 eto}
548 2942 612 2982 Μ.

215 3010 355 3061 δόμους
375 3008 626 3063 Brunckius.
658 3010 778 3061 δόμον
797 3009 890 3052 libri
910 3019 1062 3067 praeter
1082 3011 1211 3052 A.M.
1233 3011 1306 3066 qui
1327 3012 1469 3063 δόμων.
