1898 3256
696 230 787 272 AD
818 229 1071 272 PERSAS.
1533 228 1620 272 233

149 341 223 384 filii
261 343 394 387 salute
431 345 570 387 anxia.
648 343 731 386 Sed
771 342 850 384 hoc
887 351 1184 399 argumentum
1225 341 1390 399 plenius
1429 340 1623 383 tractavit

153 411 424 455 Hermannus
445 413 488 455 in
517 411 804 455 dissertatione
827 410 882 453 de
902 409 1097 467 AEschyli
1119 410 1260 451 Persis
1280 426 1324 467 p.
1345 409 1416 451 vii.
1440 411 1620 467 (Opusc.

152 479 231 521 vol.
250 493 290 523 2.
310 497 355 539 p.
376 484 482 538 91.).
515 481 703 524 Chorum
732 478 963 537 Phrynichi
989 494 1043 521 ex
1073 478 1317 521 mulieribus
1342 478 1619 536 compositum

151 547 279 591 fuisse
297 550 538 607 conjicimus
559 547 801 599 Phoenissis,
822 547 996 589 istorum
1026 547 1276 590 Phoenicum
1309 547 1527 598 uxoribus,
1548 548 1623 604 qui

153 616 306 660 Xerxis
319 619 441 675 jussu
462 628 558 676 post
576 632 760 676 pugnam
785 615 1050 658 Salaminiam
1071 615 1264 657 decollati
1288 625 1422 667 erant,
1445 615 1506 657 uti
1526 630 1622 657 nar-

152 694 218 727 rat
237 686 483 729 Herodotus
505 687 545 738 8,
566 699 635 741 90.
680 683 872 741 AEschyli
895 699 995 725 vero
1014 683 1167 725 chorus
1185 699 1239 725 ex
1259 683 1428 725 senibus
1448 691 1625 734 constat,

152 763 244 795 tum
274 755 395 797 annis
427 765 516 797 tum
552 753 756 811 dignitate
791 752 1110 804 venerabilibus,
1147 751 1220 809 qui
1254 751 1459 793 universae
1489 750 1626 808 gentis

153 819 332 863 Persicae
350 837 543 879 pavorem
565 830 606 864 et
626 820 787 863 luctum
808 820 1061 877 exprimant.
1113 821 1198 862 Par
1217 827 1278 861 est
1298 818 1466 861 credere
1487 818 1626 875 Phry-

151 888 320 932 nichum
341 891 451 933 diem
481 900 578 934 ante
606 890 756 932 obiisse
774 904 901 947 quam
925 887 1120 944 AEschyli
1150 887 1295 929 fabula
1317 887 1431 929 edita
1461 886 1526 938 sit,
1549 902 1627 929 nec

153 966 290 1000 tamen
319 958 474 1002 idcirco
502 958 699 1002 credibile
734 967 796 1000 est
825 957 938 999 illius
969 955 1117 998 scrinia
1150 955 1264 997 hunc
1298 965 1441 1013 aperte
1471 955 1627 1013 compi-

151 1025 280 1078 lasse3
311 1041 387 1069 nec
418 1044 552 1085 usque
581 1027 687 1069 adeo
718 1026 944 1084 premenda
979 1034 1042 1066 est
1082 1024 1328 1080 significatio
1357 1023 1471 1066 vocis
1497 1041 1625 1078 παρα-

150 1097 403 1147 πεποιῆσθαι.
465 1095 695 1154 Euripides
736 1093 914 1136 Penthei
963 1092 1148 1134 fabulam
1190 1093 1338 1134 eodem
1378 1092 1504 1134 modo
1542 1107 1629 1148 quo

154 1161 383 1220 AEschylus
404 1164 610 1214 tractavit,
633 1173 675 1205 et
694 1162 796 1204 nihil
818 1162 896 1204 nisi
916 1176 1065 1204 nomen
1089 1161 1280 1211 mutavit,
1303 1169 1351 1202 ut
1370 1160 1429 1202 ait
1450 1160 1627 1217 scriptor

151 1232 384 1287 argumenti
418 1232 470 1274 ad
505 1232 717 1279 Bacchas;
751 1232 775 1283 ἡ
810 1228 1023 1284 μυθοποιΐα
1055 1234 1179 1272 κεῖται
1217 1228 1306 1282 παρ’
1344 1231 1550 1286 Αἰσχύλῳ·
1581 1230 1627 1271 τὸ

151 1298 279 1350 ὄνομα
296 1301 422 1351 μόνον
439 1301 750 1352 μεταπεποίηται
773 1299 978 1352 Εὐριπίδῃ,
998 1297 1071 1339 sed
1090 1308 1133 1339 et
1159 1297 1238 1339 hoc
1258 1297 1312 1338 de
1331 1298 1440 1353 μύθῳ
1462 1307 1627 1340 tantum

150 1364 482 1423 intelligendum,
505 1368 673 1409 minime
694 1383 793 1409 vero
812 1366 866 1408 de
886 1366 1068 1408 dictione
1096 1374 1171 1407 aut
1198 1364 1380 1406 externis
1411 1366 1627 1423 tragoediae

149 1435 415 1478 ornamentis.
476 1435 709 1493 AEschylus
743 1446 884 1477 autem
921 1449 1003 1476 non
1043 1433 1150 1476 adeo
1187 1433 1426 1475 inventione
1465 1449 1628 1491 pauper

149 1512 252 1554 erat,
289 1512 339 1545 ut
378 1503 608 1561 Phrynichi
642 1504 807 1546 fabulas
840 1512 1096 1560 recoqueret.
1157 1500 1278 1543 Audi
1312 1500 1451 1558 ipsum
1491 1501 1546 1544 de
1584 1517 1627 1544 se

150 1570 389 1628 loquentem
409 1573 526 1630 apud
546 1573 872 1630 Aristophanem
894 1572 935 1614 in
958 1573 1068 1614 Rau.
1091 1571 1213 1626 1298.

324 1640 416 1682 ἀλλ’
436 1642 507 1683 οὖν
528 1642 606 1696 ἐγὼ
625 1643 701 1694 μὲν
721 1643 761 1685 ἐς
781 1641 826 1682 τὸ
848 1640 974 1683 καλὸν
995 1642 1038 1681 ἐκ
1058 1643 1128 1680 τοῦ
1149 1640 1274 1680 καλοῦ

324 1710 495 1764 ἤνεγκον
514 1709 613 1762 αὔθ’,
636 1711 702 1752 ἵνα
721 1710 775 1763 μὴ
795 1710 866 1751 τὸν
888 1709 1006 1751 αὐτὸν
1026 1708 1213 1762 Φρυνίχῳ

323 1782 500 1831 λειμῶνα
519 1782 697 1821 Μουσῶν
718 1777 826 1832 ἱερὸν
846 1778 1015 1831 ὀφθείην
1035 1775 1202 1830 δρέπων.

153 1845 375 1887 Persarum
406 1838 700 1903 argumentum
733 1845 907 1902 simplex
938 1854 1013 1895 est,
1038 1854 1081 1886 et
1111 1843 1353 1900 simpliciter
1383 1853 1622 1894 tractatum,

151 1912 194 1954 in
215 1914 379 1969 epopoei
408 1915 548 1970 potius
567 1929 694 1972 quam
715 1913 860 1970 tragici
890 1924 1026 1970 poetae
1057 1927 1228 1963 morem,
1251 1911 1284 1952 si
1310 1912 1364 1953 ab
1385 1911 1624 1954 Aristotelis

147 1981 391 2024 definitione
420 1983 614 2025 standum
635 1993 720 2031 est;
755 1997 886 2039 quum
919 1992 1007 2024 tota
1034 1982 1119 2023 fere
1146 1981 1292 2024 fabula
1318 1996 1394 2038 per
1422 1981 1623 2023 narratio-

153 2065 246 2092 nem
283 2051 559 2108 transigatur:
598 2066 693 2093 nam
729 2050 843 2107 quod
880 2050 999 2092 Darii
1042 2050 1189 2091 umbra
1227 2049 1538 2105 interloquitur,
1579 2049 1623 2091 id

152 2133 282 2175 prope
312 2118 415 2160 nihil
443 2119 594 2162 actioni
623 2119 806 2176 prodest.
827 2133 838 2137 ‘
870 2118 944 2160 Ad
963 2117 1303 2175 compositionem
1331 2117 1487 2159 fabulae
1506 2119 1623 2174 quod

150 2186 312 2238 attinet,
344 2196 407 2229 ter
436 2197 599 2229 tantum
628 2197 771 2229 contra
797 2186 838 2228 id
869 2186 984 2243 quod
1014 2185 1233 2227 verisimile
1267 2185 1350 2226 fuit
1381 2196 1620 2242 peccantem

150 2254 404 2313 deprehendi
425 2268 587 2313 poetam
607 2272 615 2297 ε
649 2257 798 2312 primo,
820 2254 935 2311 quod
964 2254 1072 2296 circa
1092 2253 1255 2310 prologi
1283 2253 1447 2295 initium
1470 2254 1623 2296 chorus

152 2332 328 2365 testatur
346 2323 508 2366 nullum
530 2324 584 2366 ab
601 2323 785 2366 exercitu
806 2322 1006 2364 nuncium
1031 2322 1137 2362 Susa
1156 2321 1391 2378 pervenisse
1408 2338 1419 2369 ;
1452 2321 1620 2374 deinde,

150 2391 266 2447 quod
297 2391 417 2432 Darii
443 2392 593 2434 umbra
620 2391 787 2447 penitus
815 2391 980 2446 ignorat
1006 2390 1142 2446 qualis
1171 2390 1223 2431 sit
1253 2390 1332 2431 ista
1362 2389 1499 2431 clades
1523 2406 1621 2446 quae

154 2459 376 2500 Persarum
396 2469 562 2516 gentem
585 2459 756 2506 afflixit;
788 2468 831 2499 et
850 2468 989 2500 tamen
1019 2458 1164 2514 paucis
1195 2468 1288 2513 post
1311 2458 1498 2499 versibus
1527 2473 1621 2499 nar-

151 2537 218 2568 rat
237 2527 449 2583 quomodo
470 2527 629 2569 Xerxis
659 2526 862 2568 exercitus
888 2525 1064 2567 delubra
1084 2525 1256 2566 deorum
1280 2525 1499 2581 disjecerit,
1520 2525 1618 2582 ipsi-

152 2609 286 2651 usque
318 2594 478 2636 Xerxis
511 2595 690 2637 absentis
722 2604 853 2635 vestes
888 2593 1043 2635 laceras
1078 2591 1299 2641 describit3
1348 2608 1473 2649 porro
1504 2594 1620 2650 quod

153 2662 306 2704 chorus
334 2663 387 2704 de
417 2663 548 2704 Dario
577 2662 779 2719 loquitur,
809 2661 927 2719 quasi
964 2676 1178 2717 nunquam
1214 2661 1255 2702 in
1284 2662 1620 2718 expeditionibus

151 2729 308 2772 bellicis
326 2731 496 2772 fortuna
517 2730 653 2771 minus
681 2745 879 2787 prospera
899 2744 1000 2770 usus
1023 2739 1143 2770 esset.
1204 2730 1326 2779 Quod
1351 2745 1450 2771 vero
1471 2732 1619 2773 Persas

149 2798 355 2840 sacrificiis
376 2797 536 2840 Graecis
557 2808 718 2839 utentes
737 2797 903 2839 induxit
923 2807 1061 2854 poeta,
1082 2797 1124 2838 id
1146 2813 1276 2854 quum
1300 2814 1349 2839 ex
1379 2799 1618 2842 necessitate

151 2866 211 2907 rei
231 2866 387 2907 factum
409 2866 474 2915 sit,
497 2881 579 2907 non
599 2874 661 2907 est
680 2881 729 2907 eo
749 2865 914 2906 nomine
934 2865 1167 2920 culpandus
1189 2874 1326 2921 poeta.

210 2933 438 2991 Reliquum
460 2947 523 2976 est
542 2945 590 2976 ut
610 2934 762 2976 famam
783 2932 994 2990 quandam
1024 2933 1279 2989 attingamus
1308 2933 1361 2974 de
1392 2935 1613 2978 Persarum

848 3016 926 3057 Gg
