1898 3256
330 242 416 283 114
801 243 1295 285 ANNOTATIONES

329 349 466 403 δράμοι
496 349 618 391 codd.
651 359 861 405 quattuor.
921 350 1114 407 Plerique
1145 350 1389 404 προσδέρκοι,
1424 351 1545 407 pauci
1580 349 1767 403 προσδέρ-

335 418 471 456 κοισθε
489 430 583 456 cum
604 415 705 456 Ald.
735 416 1012 469 προσδέρκοιτο
1034 419 1170 458 Turn.

387 498 437 533 με
455 481 617 522 addunt
635 481 794 522 codices
814 491 855 522 et
875 483 981 523 Rob.
1006 484 1158 533 Turn„
1179 483 1314 524 omisit
1333 482 1433 523 Ald.

390 560 484 601 904.
507 545 719 601 ἆπόλεμος]
741 548 810 587 Ex
831 547 997 601 vulgata
1017 547 1142 603 hujus
1163 564 1303 589 versus
1323 548 1524 604 scriptura
1549 548 1662 589 nulla
1680 547 1770 588 elici

330 622 465 668 potest
503 613 725 669 probabilis
765 613 882 653 metri
920 613 1064 654 forma.
1143 614 1444 670 Corrigendum
1494 614 1767 665 ἆπολέμιστος.

326 678 549 731 Απρηκτον
579 678 755 730 πόλεμον
783 679 1005 729 πολεμίζειν
1034 680 1139 721 dixit
1170 682 1391 721 Homerus.
1452 682 1603 721 Versus
1630 689 1767 720 autem

330 745 387 786 sic
406 755 501 786 sunt
521 745 788 795 describendi,

504 811 766 862 ἆπολέμιστος
785 813 850 853 ὅδε
869 812 905 865 γ’
927 814 948 853 ὁ
968 812 1152 865 πόλεμος,
1174 814 1299 865 ἄπορα
1318 812 1490 865 πόριμος,

505 876 582 916 οὐδ’
605 877 683 929 ἔχω
703 879 759 919 τίς
779 878 828 918 ἂν
846 880 1045 930 γενοίμαν·

499 945 571 982 τὰν
591 943 687 985 Διὸς
705 946 780 995 γὰρ
801 945 873 997 οὐχ
893 946 969 996 ὁρῶ

501 1011 614 1058 μῆτιν
633 1009 886 1065 ὅπα,φύγοιμ’
908 1010 969 1050 ἄν.

334 1073 413 1124 vel,
434 1073 465 1114 si
484 1076 556 1114 τᾶν
575 1074 628 1114 ab
648 1074 821 1115 librariis
841 1075 997 1116 illatum
1021 1075 1085 1123 sit,

504 1138 580 1179 οὐδ’
604 1140 682 1192 ἔχω
701 1141 758 1183 τίς
778 1140 828 1181 ἂν
846 1142 1046 1193 γενοίμαν·
1079 1141 1177 1184 Διὸς
1196 1144 1271 1194 γὰρ
1291 1143 1363 1196 οὐχ
1384 1144 1516 1195 ὁρῶ-
1533 1174 1542 1183 .

499 1205 1174 1261 έυ-υέυ-Ιέυ-υᾼυ-

334 1270 459 1320 Quod
479 1271 733 1326 probabilius
754 1272 930 1314 videtur.

389 1337 532 1391 ἄπορα]
559 1340 615 1381 εἰς
634 1339 761 1390 ἄπορα
779 1338 994 1379 duodecim
1015 1339 1227 1379 minimum
1250 1339 1368 1380 codd.
1390 1349 1431 1381 et
1452 1340 1560 1381 Rob.

392 1416 486 1457 905.
509 1405 716 1460 γενοίμαν]
739 1406 924 1456 γενοίμην
945 1404 1045 1444 Ald.

389 1470 483 1522 906.
505 1469 703 1524 τὰν-ἄν]
728 1471 834 1510 Haec
854 1470 976 1510 verba
995 1470 1036 1510 in
1059 1485 1186 1511 unum
1207 1485 1367 1512 versum
1388 1472 1644 1527 conjungunt
1670 1472 1766 1513 edd.

333 1544 498 1575 veteres.

390 1611 486 1654 907.
526 1601 670 1653 αὐθάδη
710 1606 867 1654 φρονῶν
908 1603 1074 1644 C.E.F.
1114 1602 1265 1657 aliique
1302 1603 1486 1644 nonnulli
1525 1619 1618 1645 cum
1660 1604 1770 1645 Rob.

334 1668 472 1722 Vulgo
492 1668 656 1719 αὐθάδης
681 1672 848 1720 φρενῶν,
871 1668 1145 1710 consentiente
1166 1670 1232 1719 M,
1252 1669 1293 1710 in
1324 1685 1409 1725 quo
1438 1681 1574 1711 tamen
1604 1670 1770 1726 syllabae

335 1736 379 1782 δη
403 1742 443 1772 et
463 1750 509 1784 ρο
530 1733 582 1773 ab
603 1733 681 1773 alia
701 1748 825 1773 manu
845 1743 939 1774 sunt
960 1735 1260 1791 superscriptae.

391 1799 486 1850 908.
516 1800 620 1854 οἷον]
650 1800 779 1840 Recte
809 1805 915 1840 τοῖον
939 1802 1160 1852 ἐξαρτύεται
1186 1801 1464 1842 Robortellus.
1524 1802 1592 1842 Ita
1621 1803 1771 1843 Noster

335 1879 428 1904 mox
462 1875 558 1918 917·
597 1866 725 1906 Οὐδὲν
758 1867 832 1917 γὰρ
869 1866 968 1920 αὐτῷ
1003 1866 1105 1906 ταῦτ’
1143 1867 1348 1918 ἐπαρκέσει
1378 1868 1422 1907 τὸ
1455 1868 1508 1919 μὴ
1541 1869 1586 1908 οὐ
1620 1872 1771 1909 Πεσεῖν

335 1933 476 1982 ἀτίμως
501 1931 668 1982 πτώματ’
691 1932 758 1972 οὐκ
789 1932 1002 1985 ἀνασχετά.’
1033 1937 1153 1973 Toron
1180 1934 1403 1984 παλαιστὴν
1432 1938 1501 1975 νῦν
1529 1934 1772 1986 παρασκευά-

336 1999 438 2048 ζει-αι
462 1997 549 2038 Ἐπ’
575 1998 689 2040 αὐτὸς
719 1999 834 2052 αὑτῷ.
869 1998 994 2053 Soph.
1020 1999 1090 2054 Aj.
1110 2001 1208 2053 560.
1240 2002 1360 2041 Οὔτοι
1389 2000 1426 2040 σ’
1455 2000 1639 2053 Ἀχαιῶν,
1670 2001 1769 2049 οἶδα,

334 2065 443 2114 μήτις
467 2065 611 2115 ὑβρίσῃ
639 2068 851 2116 Στυγναῖσι
877 2068 1039 2115 λωβαῖς,
1062 2066 1150 2105 οὐδὲ
1175 2066 1292 2118 χωρὶς
1320 2065 1397 2106 ὄντ’
1419 2067 1522 2116 ἐμοῦ·
1551 2070 1671 2106 Τοῖον
1699 2083 1771 2107 πυ-

334 2130 464 2182 λωρὸν
491 2131 651 2181 φύλακα
676 2133 850 2181 Τεῦκρον
876 2131 976 2182 ἀμφὶ
1006 2131 1071 2171 σοὶ
1094 2131 1245 2183 Λείψω,
1276 2134 1421 2182 τροφῆς
1448 2132 1591 2171 ἄοκνον
1621 2130 1771 2181 ἔμπακ’.

337 2195 485 2251 Eurip.
507 2196 612 2236 Hoc.
633 2207 728 2248 905.
751 2196 807 2235 Σὺ
830 2197 918 2246 μὲν,
940 2194 970 2235 ὦ
996 2197 1132 2247 πατρὶς
1149 2195 1281 2246 Ἰλιὰς,
1302 2197 1394 2237 Τῶν
1415 2197 1640 2249 ἀπορθήτων
1659 2198 1773 2239 πόλις

336 2261 464 2301 οὐκέτι
483 2260 605 2310 λέξει,
624 2264 745 2301 Τοῖον
763 2259 972 2301 Ἑλλάνων
992 2261 1114 2313 νέφος
1133 2263 1233 2313 ἀμφὶ
1253 2264 1301 2303 σὲ
1322 2264 1487 2315 κρύπτει,
1510 2264 1610 2315 Δορὶ
1628 2263 1672 2313 δὴ
1689 2264 1772 2315 δορὶ

335 2326 500 2378 πέρσαν.
561 2326 647 2366 Ubi
679 2330 784 2366 τοῖον
815 2326 931 2367 metri
960 2327 1092 2381 gratia
1120 2328 1300 2382 reposuit
1331 2328 1523 2383 Kingius,
1553 2343 1646 2369 cum
1674 2328 1771 2369 olim

335 2393 554 2447 legeretur,
575 2393 712 2432 τοιόνδ’
732 2391 942 2433 Ἑλλάνων
962 2393 1092 2445 νέφος.
1135 2395 1326 2448 Utraque
1345 2394 1545 2449 scriptura
1564 2395 1771 2435 sententiae

337 2473 456 2513 aeque
474 2457 678 2507 convenit,
692 2467 740 2498 ut
760 2473 811 2498 ex
831 2458 1027 2513 exemplis
1047 2459 1252 2499 nonnullis
1270 2460 1416 2501 clarius
1435 2461 1602 2516 patebit.
1623 2461 1770 2516 Eurip.

339 2523 456 2563 Med.
476 2534 571 2576 717.
590 2524 739 2563 Παύσω
759 2523 804 2564 δέ
823 2523 860 2563 σ’
882 2523 960 2564 ὄντ’
984 2525 1138 2571 ἄπαιδα,
1161 2526 1223 2566 καὶ
1242 2527 1389 2566 παίδων
1408 2528 1527 2578 γονὰς
1542 2528 1709 2578 Σπεΐραί
1725 2543 1773 2567 σε

340 2590 459 2641 θήσω·
492 2589 609 2630 τοιάδ’
631 2589 718 2630 οἶδα
743 2589 939 2641 φάρμακα.
971 2589 1078 2630 Ibid.
1103 2591 1195 2642 787.
1229 2592 1386 2642 Κᾶνπερ
1414 2595 1599 2642 λαβοῦσα
1628 2594 1774 2643 κόσμον

340 2658 489 2710 ἆμφιθῇ
519 2655 620 2708 χροῒ,
651 2659 787 2697 Κακῶς
816 2656 981 2705 ὀλεῖται,
1005 2658 1080 2698 πᾶς
1109 2655 1142 2695 θ’
1173 2655 1216 2698 ὃς
1245 2656 1294 2697 ἂν
1323 2658 1410 2708 θίγῃ
1441 2658 1564 2709 κόρης.
1593 2661 1775 2697 Τοιοῖσδε

339 2723 464 2774 χρίσω
485 2720 700 2773 φαρμάκοις
720 2720 935 2772 δωρήματα.
958 2720 1065 2761 Ibid.
1092 2734 1102 2760 ι
1110 2734 1206 2775 319.
1229 2725 1389 2762 Παῦσαι
1407 2724 1528 2763 πόνου
1541 2721 1656 2762 τοῦδ’·
1687 2724 1721 2762 εἰ
1741 2722 1772 2762 δ’

342 2790 435 2838 ἐμοῦ
462 2788 601 2840 χρείαν
627 2786 740 2839 ἔχεις,
772 2785 865 2838 Λέγ’
897 2789 934 2827 εἴ
957 2803 992 2827 τι
1017 2787 1169 2837 βούλει·
1200 2788 1302 2840 χειρὶ
1331 2786 1362 2827 δ’
1393 2788 1438 2828 οὐ
1465 2789 1636 2840 ψαύσεις
1663 2787 1771 2828 ποτέ’

340 2852 491 2893 Τοιόνδ’
513 2853 641 2904 ὄχημα
660 2852 803 2904 πατρὸς
815 2851 961 2894 Ἵ-Ῑλιος
980 2852 1104 2904 πατὴρ
1125 2852 1297 2892 Δίδωσιν
1314 2853 1417 2903 ἡμῖν,
1440 2853 1559 2905 ἔρυμα
1584 2854 1773 2904 πολεμίας

342 2920 468 2971 χερός.
501 2917 749 2971 Ibid.1344.
778 2916 889 2957 Ἀλλ’
911 2918 956 2958 οὐ
981 2920 1056 2969 γὰρ
1081 2918 1130 2958 ἄν
1153 2934 1200 2958 σε
1228 2919 1374 2969 μυρίοις
1402 2920 1570 2960 ὀνείδεσι
1591 2919 1769 2970 Δάκοιμι·
