1898 3256
284 223 368 266 174
575 224 578 226 ’
756 225 1253 266 ANNOTATIONES

285 332 475 375 vindictae
515 333 993 390 cupiditate'incensum‚
1026 336 1230 391 effregisse
1262 336 1556 392 cerebrumque
1587 351 1723 378 exsor-

285 400 436 442 buisse.
497 401 592 444 Qua
619 401 871 442 immanitate
898 410 1035 442 narrat
1063 402 1116 443 ab
1136 417 1184 442 eo
1204 401 1436 443 Minervam
1457 402 1723 444 abalienatam

286 466 496 516 beneficio,
517 467 628 522 quod
648 467 684 507 ei
704 467 988 517 constituisset,
1009 468 1222 524 indignum
1239 468 1456 523 judicasse.
1502 470 1727 510 Pausanias

288 533 427 582 refert,
448 548 472 574 a
493 533 674 574 Proetide
704 543 833 589 porta,
855 534 927 574 ubi
950 534 1185 575 Chalcidem
1217 534 1293 575 iter
1322 534 1386 585 sit,
1409 534 1462 575 ad
1489 534 1592 576 viam
1622 536 1729 592 pub-

288 599 404 640 licam
426 599 584 640 ostendi
606 600 836 656 Melanippi
863 601 1110 657 sepulcrum,
1133 616 1254 656 quem
1284 600 1427 641 bellica
1447 600 1598 642 virtute
1624 616 1729 657 prae-

290 666 584 707 stantissimum
615 667 811 717 nominat,
833 683 1009 722 eumque
1039 677 1254 723 postquam
1287 669 1327 708 T
1330 667 1483 724 ydeum
1515 676 1556 708 et
1578 668 1728 709 Mecis-

290 744 400 774 teum
423 733 592 774 Adrasti
613 733 779 774 fratrem
803 734 1023 785 occidisset,
1045 734 1178 789 ipsum
1207 749 1372 789 quoque
1399 734 1451 774 ab
1472 734 1730 790 Amphiarao

289 800 546 841 interfectum
567 815 651 839 esse
672 800 821 840 scribit.
882 800 1017 841 Aliter
1047 802 1202 842 Statius
1231 801 1334 841 hanc
1364 800 1635 841 narrationem
1663 801 1726 841 in·

290 865 494 906 formavit.
553 865 718 906 Etenim
742 866 966 907 secundum
993 882 1086 907 eum
1109 867 1377 923 Melanippus
1406 867 1599 923 Tydeum
1630 882 1726 923 gra-

292 931 396 972 viter
415 932 628 978 vulnerat;
663 932 837 988 Tydeus
858 948 953 973 vero
972 932 1160 981 vicissim,
1182 948 1289 988 aegre
1305 933 1460 974 viribus
1480 949 1574 989 quae
1590 949 1732 988 super-

291 1007 423 1039 essent
442 997 631 1047 collectis,
654 998 734 1039 telo
756 998 1043 1054 Melanippum
1065 999 1278 1054 transfigit.
1338 999 1487 1054 Tydeo
1501 1000 1586 1055 jam
1609 1001 1730 1042 mori-

292 1065 448 1115 bundo,
469 1080 515 1106 ac
535 1065 634 1105 nihil
654 1065 766 1106 aliud
788 1065 946 1121 optanti
973 1065 1049 1105 nisi
1073 1074 1119 1106 ut
1147 1065 1221 1106 sibi
1242 1066 1334 1121 quis
1356 1066 1584 1122 Melanippi
1605 1076 1730 1123 caput

292 1141 497 1188 apportet,
521 1133 737 1187 Capaneus
763 1132 1004 1187 obsequitur
1033 1131 1294 1186 humerisque
1324 1131 1489 1172 allatum
1522 1133 1730 1187 spectandi

293 1198 493 1239 vulnerati
516 1198 641 1239 hostis
660 1199 816 1255 copiam
840 1199 990 1255 Tydeo
1009 1198 1119 1239 facit.
1170 1200 1283 1239 Tum
1305 1197 1337 1238 is
1353 1206 1478 1254 caput
1499 1198 1730 1255 Melanippi
1747 1211 1749 1214 ·

211 1319 217 1324 .
293 1265 512 1307 abscissum
535 1265 690 1322 porrigi
710 1266 784 1307 sibi
798 1266 933 1322 jubet.

463 1334 631 1388 Spectat
650 1339 772 1374 atrooe
791 1333 934 1373 hostile
953 1338 1090 1387 caput,
1106 1332 1330 1387 gliscitque
1350 1333 1521 1387 tepentis

465 1400 648 1440 Lumina
668 1405 788 1439 torva
808 1400 966 1447 videns,
988 1405 1026 1440 et
1044 1399 1178 1439 adhuc
1197 1398 1432 1439 dubitantia
1435 1399 1544 1454 figi

465 1466 625 1520 Iigfelix
644 1471 855 1506 contentas
875 1471 978 1507 erat.
1038 1466 1140 1506 Plus
1159 1466 1296 1520 eoeigit
1314 1465 1447 1505 ultrioe

471 1532 697 1587 Tisiphone
710 1549 724 1578 ;
740 1534 916 1588 jamque
936 1533 1084 1587 infles-o
1110 1532 1307 1572 Tritonia
1321 1536 1444 1586 patre

472 1600 655 1646 Venerat,
676 1604 715 1639 et
734 1600 882 1639 misero
901 1599 1022 1639 decus
1041 1598 1269 1638 immortale
1271 1598 1460 1652 serebat,

467 1666 601 1721 Atque
619 1666 735 1706 illum
756 1667 915 1721 effracti
931 1666 1150 1721 perfusum
1171 1665 1259 1705 tabe
1276 1664 1425 1704 cerebri

469 1733 671 1788 Adspicit,
692 1739 730 1773 et
749 1734 843 1773 vivo
862 1733 1120 1773 scelerantem
1142 1731 1522 1787 sanguinefizuces.

468 1799 558 1839 Nec
576 1801 738 1840 comites
757 1800 926 1854 azgserre
947 1800 1094 1840 valent.
1154 1800 1279 1840 Stetit
1297 1812 1447 1854 aspera
1469 1799 1610 1853 Gorgo

470 1866 670 1907 Crinibus
689 1868 862 1915 emissis,
884 1868 1061 1922 rectique
1079 1872 1174 1907 ante
1193 1880 1268 1906 ora
1287 1872 1456 1906 cerastae

475 1934 664 1973 Velavere
680 1934 796 1973 deam
814 1950 827 1978 ‚·
841 1934 977 1989 fugit
994 1939 1187 1974 aversata
1192 1934 1416 1987 jacentem,

386 2033 393 2043 ,
469 2001 559 2039 Νεε
576 2001 700 2054 prius
720 2006 838 2040 astra
858 2002 979 2050 subit,
1001 2015 1123 2055 qaam
1145 2000 1317 2055 mystica
1337 2000 1498 2055 lampas
1517 2006 1555 2040 et
1573 2001 1716 2041 insons

469 2066 623 2106 Ilissus
642 2067 772 2107 multa
785 2069 997 2123 purgavit
1014 2068 1174 2107 lumina
1193 2066 1373 2122 lympha.
1434 2067 1564 2107 SCH.

356 2144 404 2182 4¹
417 2141 575 2184 7-421
590 2135 877 2186 =452—456·

356 2208 452 2250 417.
484 2198 601 2251 ἆμόυ]
638 2198 773 2238 Schol.
803 2200 947 2240 Venet.
979 2199 1031 2239 ad
1063 2198 1184 2239 Iliad.
1217 2203 1259 2238 Z.
1281 2212 1376 2253 4¹3·
1410 2198 1453 2238 τὸ
1486 2199 1527 2239 δὲ
1562 2198 1661 2249 ἀμὸν
1691 2199 1735 2238 ἐν

301 2264 510 2318 Προσῳδίᾳ
529 2264 651 2316 φησὶν
670 2263 911 2317 Ἡρωδιανὸς
932 2266 1205 2318 Δωρικώτερον
1226 2265 1325 2305 εἶναι
1345 2265 1420 2306 ἀπὸ
1441 2268 1508 2305 τοῦ
1534 2264 1733 2317 ἁμέτερον.

299 2332 345 2370 ἐν
365 2331 407 2370 δὲ
425 2329 690 2385 Ἐπιμερισμῷ
713 2332 850 2383 φησὶν,
872 2332 930 2372 ὅτι
959 2331 1034 2372 ἀπὸ
1065 2334 1132 2371 τοῦ
1162 2331 1255 2383 ἐμὸν
1286 2331 1483 2374 ἐκτέταται
1511 2331 1554 2371 τὸ
1583 2337 1602 2371 ἑ
1630 2333 1684 2374 εἷς
1712 2338 1737 2371 ᾶ

299 2397 460 2449 μακρόν.
491 2396 625 2436 Priori
645 2397 789 2438 rationi
810 2397 964 2438 accedit
977 2397 1237 2452 Apollonius,
1258 2397 1469 2454 posteriori
1486 2397 1736 2447 Demetrius,

302 2471 403 2504 teste
421 2462 563 2503 eodem
585 2463 708 2504 schol.
759 2464 831 2504 Ab
851 2463 1034 2516 ἁμέτερος
1055 2464 1166 2505 ducit
1187 2464 1477 2520 Etymologus.
1527 2464 1737 2520 Apollonii

300 2538 438 2571 autem
462 2529 672 2585 (Dyscoli)
695 2529 821 2580 locus,
843 2545 927 2585 quo
945 2530 1092 2570 alludit
1112 2530 1338 2580 scholiasta,
1363 2530 1530 2571 mutilus
1549 2539 1681 2572 exstat
1695 2531 1736 2571 in

301 2597 499 2651 Excerpt.
531 2595 646 2636 Reiz.
684 2611 722 2651 p.
752 2609 848 2651 433.
880 2597 935 2636 A.
997 2597 1145 2637 Vocem
1179 2596 1302 2637 habet
1335 2598 1486 2638 Noster
1515 2596 1607 2637 infr.
1639 2598 1736 2652 651.

303 2664 489 2719 Choeph.
519 2664 617 2714 426.
644 2675 742 2717 435.
773 2664 953 2703 Eumen.
983 2677 1078 2718 311.
1109 2676 1206 2718 439.
1243 2663 1386 2719 Suppl.
1415 2673 1504 2718 105.
1537 2664 1634 2716 318.
1667 2665 1739 2705 So-

301 2729 435 2785 phocl.
457 2729 612 2770 Electr.
635 2739 727 2783 279.
749 2730 848 2783 588.
869 2731 988 2784 1496.
1011 2729 1160 2784 Eurip.
1185 2729 1334 2771 Helen.
1352 2731 1448 2784 538.
1470 2731 1625 2771 Electr.
1640 2739 1737 2785 555.

302 2796 507 2837 Androm.
526 2805 646 2848 1171.
670 2800 701 2820 “
715 2795 812 2847 ἁμὸς
827 2795 1026 2837 Doricum
1049 2805 1110 2836 est
1128 2811 1203 2850 pro
1221 2796 1414 2848 ἡμέτερος.
1443 2796 1538 2848 ἀμὸς
1552 2797 1740 2837 Atticum

302 2877 379 2917 pro
400 2862 528 2912 ἐμός.”
547 2861 729 2903 Brunck.
750 2862 802 2902 ad
826 2862 1129 2904 Andromachae
1149 2863 1295 2903 locum.
1328 2863 1557 2904 BLOMF.
1613 2864 1742 2904 Recte

302 2926 550 2968 Brunckius.
