1898 3256
311 231 395 270 108
784 230 1280 271 ANNOTATIONES

311 333 489 374 codicem
524 333 698 389 aliquem
739 333 837 383 sive,
878 334 992 389 quod
1030 333 1159 388 magis
1196 332 1330 381 credo,
1371 331 1640 387 conjecturam
1679 346 1742 372 se-

313 409 445 440 cutus.

368 466 619 518 προσσαίνει]
642 467 846 517 προσαίνει
866 466 990 506 D.M.

372 534 466 585 837.
507 532 654 571 κόλπον
690 531 822 585 Ῥέας]
858 532 985 571 Mare
1017 531 1291 572 Adriaticum.
1337 530 1460 570 Phot.
1497 530 1599 570 Lex.
1631 528 1746 571 Ῥέας

312 600 466 640 πόντος.
497 599 517 637 6
539 599 751 648 Βόσπορος.
781 598 806 648 ἥ
826 599 909 638 ἐστι
931 598 992 637 καὶ
1010 596 1178 648 Ἀδρίας.
1211 601 1383 637 καλεῖται
1403 595 1480 636 ἀπὸ
1499 599 1565 635 τοῦ
1580 595 1744 646 εἰσβάλ-

313 668 452 704 λοντος
489 663 633 702 πόντον
670 661 838 713 Ἀδρίου.
889 662 997 702 unde
1035 662 1314 716 corrigendam
1355 670 1492 701 monet
1530 661 1746 701 Albertius

316 728 514 783 Hesychii
535 728 706 783 glossam
727 728 838 771 Ῥέας
857 731 1006 781 πόρτος.
1039 729 1264 768 BLOMF.

373 796 470 848 838·
512 794 888 849 παλιμπλάγκτοισι]
928 795 1260 845 παλιμπλάκτοισι
1299 796 1363 834 Μ.
1412 794 1747 846 πολυπλάγκτοισι

315 861 471 900 codices
491 870 582 900 octo
602 871 640 900 et
663 861 772 900 Rob.
833 862 914 900 Per
932 863 1222 913 πολυστρόφοις
1240 860 1414 915 explicat
1435 859 1659 900 scholiasta.

371 926 543 978 χειμάζει
565 928 617 966 Ε.
678 926 814 980 Vulgo
834 927 1005 981 χειμάζῃ,

374 993 469 1043 840.
484 980 653 1046 '‘Idvcos]
679 992 860 1047 Etymol.
883 994 946 1032 M.
968 1008 1009 1048 p.
1029 1002 1127 1046 473,
1149 994 1213 1033 16.
1240 992 1378 1035 Ἰόνιος
1401 994 1555 1041 κόλπος,
1578 992 1653 1032 ἀπὸ
1681 994 1748 1041 τῆς

315 1058 427 1108 Ἰοῦς,
460 1060 510 1101 ὡς
536 1060 746 1111 Αἰσχύλος.
783 1059 916 1100 Schol.
948 1059 1090 1115 Apoll.
1117 1059 1201 1100 Rh.
1222 1071 1263 1109 4,
1283 1061 1381 1112 308.
1409 1058 1547 1101 Ἰόνιος
1574 1058 1748 1110 πέλαγος

316 1124 411 1176 πρὸς
438 1127 484 1175 τῇ
512 1124 662 1178 Ἰταλίᾳ
691 1127 787 1165 οὕτω
819 1127 1059 1177 καλούμενον
1088 1125 1163 1166 ἀπὸ
1191 1125 1343 1174 Ἰονίου,
1375 1125 1514 1176 ἀνδρὸς
1539 1123 1748 1176 Ἰλλυρίου.

316 1191 420 1232 τινὲς
438 1192 492 1238 δὲ,
515 1191 591 1231 ἀπὸ
612 1194 676 1241 τῆς
694 1189 906 1242 γενομένης
924 1191 1073 1242 πλάνης
1087 1194 1132 1242 τῇ
1152 1190 1235 1232 Ἰοῖ.
1258 1191 1327 1231 ubi
1348 1190 1565 1245 legendum
1586 1190 1750 1230 videtur

317 1256 361 1296 τὸ
381 1257 476 1308 πρὸς
495 1257 540 1311 τῇ
566 1256 609 1296 'l.
638 1266 678 1297 et
709 1271 802 1296 mox
833 1257 908 1297 ἀπὸ
938 1251 1003 1308 τῆς
1031 1259 1121 1308 τῇδε
1150 1257 1374 1309 γενομένης.
1425 1255 1677 1296 -Eustathius
1705 1255 1747 1295 in

318 1322 492 1377 Dionys,
517 1335 583 1375 92.
610 1322 777 1374 Λέγεται
807 1325 847 1363 δὲ
876 1322 1025 1370 Ἰόνιος,
1053 1325 1103 1366 ὡς
1133 1324 1195 1363 καὶ
1223 1326 1274 1378 τῷ
1294 1323 1516 1375 Λυκόφρονι
1546 1323 1605 1374 (ν.
1626 1324 1747 1375 631.)

318 1391 437 1438 δοκεῖ,
460 1388 522 1428 καὶ
541 1389 594 1442 τῷ
616 1389 814 1442 Αἰσχύλῳ,
838 1389 913 1429 ἀπὸ
933 1391 999 1439 τῆς
1022 1388 1134 1431 Ἰοῦς.
1166 1389 1363 1439 διενήξατο
1393 1390 1467 1440 γὰρ
1498 1389 1624 1438 ε’κείνη
1651 1391 1750 1438 βοῦς

318 1454 510 1506 γενομένη
544 1455 750 1494 κάνταῦθα.
781 1456 818 1494 οῖ
847 1456 888 1494 δὲ
918 1456 1042 1506 φασὶν
1071 1455 1146 1495 ἀπὸ
1174 1454 1335 1502 Ἰάονος,
1367 1455 1504 1506 ἀνδρὸς
1531 1453 1695 1500 Ἰτάλου,
1726 1452 1751 1504 ἦ

281 1563 288 1567 ,
320 1520 395 1561 ἀπὸ
423 1519 577 1567 Ἰονίου,
607 1520 745 1572 ἀνδρὸς
772 1519 1003 1572 Ἰλλυρικοῦ.
1040 1535 1116 1575 pro
1143 1520 1291 1562 Ἰάονος
1313 1520 1452 1575 Steph.
1479 1521 1584 1575 Byz.
1614 1519 1749 1562 Ἰόνος.

322 1586 525 1626 Stanleius
543 1596 680 1626 monet
701 1585 864 1626 Ionium
887 1601 996 1626 mare
1015 1586 1137 1626 latius
1159 1601 1183 1626 a
1203 1586 1341 1626 Poetis
1366 1601 1488 1641 quam
1517 1601 1541 1626 a
1561 1586 1748 1640 Geogra-

319 1653 412 1708 phis
445 1653 623 1694 extendi.
683 1654 789 1693 Cum
827 1661 963 1692 nostro
997 1652 1194 1692 consentit
1229 1652 1394 1693 Charax
1428 1652 1469 1692 in
1502 1651 1752 1702 Ἑλληνικοῖς

319 1719 431 1774 apud
456 1720 725 1774 Anonymum
756 1718 808 1759 de
839 1718 1043 1759 Incredib.
1072 1718 1189 1759 Galei
1211 1719 1364 1773 Opusc.
1386 1717 1569 1773 Mythol.
1589 1732 1631 1772 p.
1657 1718 1750 1758 106.

322 1785 551 1825 BLOMF,

378 1850 608 1901 κεκλήσεται
628 1851 739 1891 Α.Β.
759 1850 920 1905 aliique.
971 1850 1106 1905 Vulgo
1127 1850 1372 1901 κληθήσεται,
1393 1849 1665 1891 consentiente
1685 1850 1750 1890 M.

379 1918 473 1967 846.
515 1917 661 1969 ἐσχάτη
700 1916 862 1971 χθονὸς]
899 1916 1092 1957 Eustath.
1129 1931 1171 1971 p.
1201 1916 1322 1970 1386,
1358 1928 1421 1957 12.
1454 1915 1524 1966 τὴν
1558 1915 1753 1966 Κάνωβον

322 1983 494 2036 ἐσχάτην
519 1984 661 2035 χθόνος
689 1982 812 2034 λέγει,
835 1983 885 2024 ὡς
915 1981 1092 2033 κειμένην
1119 1982 1374 2034 βορειοτάτην
1404 1983 1447 2023 ἐν
1475 1986 1555 2024 τοῖς
1581 1981 1678 2033 πρὸς
1705 1984 1752 2031 τῇ

321 2048 506 2103 θαλάσσῃ
535 2047 695 2099 μέρεσιν
722 2048 929 2100 Αἰγύπτου.
960 2057 1002 2087 et
1027 2062 1066 2101 p.
1087 2060 1208 2100 1509,
1230 2060 1299 2101 34.
1326 2049 1347 2088 6
1371 2047 1402 2088 δ’
1429 2048 1540 2090 αὐτὸς
1568 2047 1749 2102 (Apion)

321 2113 433 2165 λέγει
454 2113 516 2153 καὶ
535 2114 594 2153 ὅτι
613 2114 775 2164 πείρατα
794 2113 906 2165 γαίης
932 2115 953 2152 6
981 2113 1137 2163 ποιητὴς
1164 2113 1330 2153 ἐνταῦθά
1358 2119 1480 2165 φησιν
1509 2114 1554 2154 οὐ
1581 2115 1629 2153 τὰ
1657 2113 1754 2165 πρὸς

321 2178 529 2226 Ὠκεανὸν,
550 2180 657 2219 ἀλλὰ
676 2180 723 2219 τὰ
753 2180 834 2219 ἐκεῖ
853 2178 947 2228 πρὸς
972 2181 1016 2229 τῇ
1042 2181 1137 2218 κατὰ
1156 2182 1306 2219 Νεῖλον
1335 2178 1529 2229 θαλάσσῃ·
1562 2181 1661 2219 καθὰ
1690 2180 1753 2219 καὶ

323 2245 524 2296 Αἰσχύλος
553 2245 671 2285 εἰπὼν
701 2248 727 2268 “
749 2244 857 2284 ἔστιν
888 2245 1003 2286 πόλις
1034 2244 1224 2295 Κάνωβος
1255 2244 1401 2298 ἐσχάτη
1429 2246 1610 2299 χθονός·”
1643 2249 1754 2286 πᾶσα

323 2312 399 2363 γὰρ
420 2311 610 2363 ἀγχίαλος
630 2309 777 2362 ἐσχάτη
796 2312 950 2362 χθονός.
983 2311 1144 2350 STAN
1150 2311 1202 2352 L.

381 2375 475 2427 847.
516 2376 991 2428 Νείλου-προσχώματι]
1028 2377 1243 2429 πρόσχωμα
1275 2378 1424 2417 Νείλου
1455 2377 1506 2416 de
1538 2376 1755 2432 aggeribus

323 2441 428 2482 circa
458 2440 542 2480 Nili
574 2440 678 2481 ostia
706 2441 814 2482 intra
844 2441 1048 2496 regionem
1083 2457 1114 2482 s.
1144 2441 1315 2483 insulam
1344 2441 1468 2482 Delta
1496 2442 1753 2497 appellatam,

320 2507 552 2557 exstructis,
573 2506 724 2561 quibus
743 2506 839 2561 pagi
858 2516 899 2548 et
924 2507 1046 2548 urbes
1071 2507 1270 2562 impositae
1297 2517 1422 2558 erant,
1444 2522 1496 2548 ne
1520 2508 1754 2549 exundante

324 2572 423 2613 Nilo
443 2573 824 2626 submergerentur3
857 2581 958 2613 teste
979 2573 1177 2613 Strabone
1196 2573 1265 2615 lib.
1283 2583 1348 2626 17.
1368 2589 1411 2628 p.
1432 2574 1526 2626 788.
1550 2575 1616 2614 D:
1649 2576 1692 2614 ἐν
1711 2576 1754 2615 δὲ

324 2642 408 2680 ταῖς
427 2637 650 2688 ἆναβάσεσι
669 2641 738 2678 τοῦ
756 2640 903 2679 Νείλου
923 2640 1155 2680 καλύπτεται
1173 2642 1283 2680 πᾶσα
1304 2641 1346 2693 (ἡ
1365 2640 1518 2695 νῆσος),
1540 2640 1601 2680 καὶ
1627 2645 1752 2680 πελα-

324 2704 422 2756 γίζει
440 2704 544 2754 πλὴν
563 2707 640 2744 τῶν
659 2703 858 2754 οἰκήσεων·
890 2705 1000 2746 αὗται
1026 2703 1057 2745 δ’
1081 2705 1142 2745 ἐπὶ
1168 2706 1306 2756 λόφων
1332 2705 1548 2757 αὐτοφυῶν,
1573 2703 1596 2755 ἢ
1624 2704 1755 2757 χωμά-

325 2785 402 2809 των
421 2770 605 2820 ἵδρυνται,
626 2771 760 2811 πόλεις
778 2771 821 2809 τὲ
845 2771 1043 2822 ἀξιόλογοι
1069 2771 1131 2812 καὶ
1161 2774 1293 2821 κῶμαι,
1315 2773 1538 2821 νησίζουσαι
1564 2772 1659 2811 κατὰ
1684 2769 1755 2819 τὴν

326 2835 526 2886 πόῤῥωθεν
546 2835 656 2887 ὄψιν.
689 2836 821 2876 SCH.
863 2882 867 2885 ⁵
