1898 3256
326 218 412 261 316
797 219 1289 262 ANNOTATIONES

327 333 456 372 Recte
493 339 630 372 autem
670 330 933 372 Wellauerus
969 331 1274 387 interpretatur,
1313 344 1396 371 non
1433 344 1604 370 currum
1642 336 1758 371 tuum

324 400 587 447 comitantur,
614 403 711 453 post
743 411 835 438 ewm
868 398 1108 438 incedentes.
1168 398 1264 437 Hoc
1297 396 1405 437 enim
1438 396 1579 437 ordine
1614 398 1759 438 Persas

324 464 562 520 processisse
590 464 734 506 docere
763 464 1024 505 Herodotum
1053 475 1092 516 7,
1114 477 1184 516 41.
1217 463 1386 514 ἐξήλασε
1412 464 1486 514 μὲν
1514 463 1560 513 δὴ
1589 464 1685 504 οὕτω
1717 465 1759 504 ἐκ

326 531 508 584 Σαρδέων
528 530 687 584 Ξέρξης·
717 531 1021 582 μετεκβαίνεσκε
1040 531 1096 579 δὲ,
1117 531 1212 573 ὅκως
1235 546 1302 582 μιν
1320 528 1441 583 λόγος
1469 529 1604 582 αἱρέοι,
1627 531 1669 571 ἐκ
1692 534 1759 570 τοῦ

326 597 494 649 ἅρματος
524 599 564 640 ἐς
593 596 835 651 ἁρμάμαξαν.
866 598 982 638 αὐτοῦ
1007 598 1050 637 δὲ
1077 598 1240 637 ὄπισθεν
1261 595 1495 650 αἰχμοφόροι
1515 596 1705 648 Περσέων
1722 599 1760 637 οἳ

325 664 480 715 ἄριστοί
524 681 567 705 τε
616 664 677 705 καὶ
723 661 992 716 γενναιότατοι
1033 664 1170 716 χίλιοι,
1212 665 1308 704 κατὰ
1347 661 1466 714 νόμον
1504 664 1573 705 τὰς
1609 661 1760 716 λόγχας

327 730 499 783 ἔχοντες.

387 809 507 838 1002.
526 797 917 850 βεβᾶσι-νώνυμοι]
937 797 1043 837 Haec
1057 796 1181 852 vulgo
1202 795 1337 837 Xerxi
1355 795 1647 837 continuantur
1665 810 1758 836 cum

324 861 649 918 praecedentibus
668 861 801 902 verbis
821 861 1218 915 ἔταφον-ἑπόμενοι.
1278 862 1468 903 Correxit
1488 862 1719 903 Passovius.

380 929 513 980 τοίπερ
536 927 767 968 Passovius.
798 928 908 979 οἵπερ
927 927 1031 968 libri.

382 993 562 1049 ἀγρόται]
599 1011 660 1046 γρ.
694 992 853 1046 ἆκρόται
883 995 946 1034 Μ.
977 1003 1018 1035 et
1047 994 1101 1034 sic
1131 993 1242 1034 Rob.
1303 992 1570 1034 Scribendum
1601 992 1761 1046 ἀγρέται

325 1075 418 1102 cum
446 1060 614 1115 Toupio
633 1060 854 1101 Emendat.
874 1060 956 1100 vol.
978 1073 1018 1115 3.
1039 1075 1078 1115 p.
1098 1073 1197 1115 353.
1221 1059 1367 1101 collato
1391 1060 1616 1116 Hesychio,
1642 1059 1758 1112 ἀγρέ-

326 1143 423 1169 ταντ
455 1125 639 1178 ἡγεμόνα,
661 1127 767 1167 θεόν.

380 1194 430 1241 οἲ,
473 1194 654 1248 νώνυμοι]
694 1195 899 1245 ὁινώνυμοι
931 1194 1032 1235 Ald.
1074 1194 1265 1244 ἀνώνυμοι
1297 1193 1406 1234 Rob.
1448 1192 1485 1233 οἲ
1524 1192 1562 1232 οἲ
1595 1193 1759 1243 νώνυμοι

329 1260 471 1316 Steph.

384 1339 506 1380 1003.
529 1327 565 1376 ἰὴ
586 1326 637 1377 ἰὴ,
659 1327 702 1366 ἰὼ
723 1327 784 1380 ἰώ]
810 1326 944 1366 Xerxi
964 1334 1071 1367 recte
1091 1325 1234 1366 tribuit
1255 1324 1531 1365 Wellauerus.
1564 1326 1756 1366 Ceterum

322 1393 364 1433 in
396 1393 498 1434 Ald.
527 1392 744 1447 quinquies
774 1392 968 1447 scriptum
999 1391 1035 1443 ἰή
1065 1400 1106 1432 et
1135 1390 1263 1432 sexies
1292 1391 1349 1439 ἰώ,
1376 1399 1468 1445 post
1498 1406 1593 1445 quae
1619 1406 1759 1431 versus

323 1458 537 1514 proximus
567 1459 610 1499 ἰὼ
641 1460 684 1499 ἰὼ
715 1458 811 1499 ἔθετ’
842 1459 1013 1499 ἄελπτον
1043 1459 1174 1498 κακόν.
1235 1456 1412 1511 Propius
1441 1456 1492 1495 ad
1523 1471 1664 1496 verum
1694 1472 1759 1496 ac-

323 1525 439 1566 cessit
461 1525 570 1566 Rob.
597 1524 670 1580 qui
699 1525 734 1575 ῑὴ
762 1525 799 1574 ἰὴ
829 1525 871 1564 ἰὼ
902 1525 945 1564 ἰὼ
971 1523 977 1579 Ι
1003 1523 1033 1564 ὦ
1063 1524 1427 1575 δαίμονες-κακόν.
1450 1524 1583 1563 Turn.
1604 1538 1702 1564 vero
1723 1524 1759 1574 ἰὴ

325 1593 362 1643 ἰὴ
383 1593 427 1633 ἰὼ
447 1593 489 1632 ἰὼ
515 1592 558 1632 ἰὼ
586 1592 629 1632 ἰὼ
656 1592 908 1642 δυσδαίμονες
932 1590 939 1646 Ι
965 1589 1253 1632 ἔθετ’-κακόν.
1284 1590 1464 1640 δαίμονες
1489 1605 1539 1630 ex
1561 1591 1626 1630 Μ.
1654 1589 1760 1630 aliis·-

324 1674 405 1714 que
425 1658 543 1699 codd.
564 1666 786 1698 enotatum.

385 1737 506 1778 1005.
530 1723 657 1765 ἔθεσθ’
683 1723 954 1764 Schneiderus
968 1722 1080 1778 apud
1098 1721 1347 1762 Passovium.
1388 1722 1625 1778 Legebatur
1645 1721 1754 1764 ἔθετ’.

384 1792 502 1832 1006.
534 1790 764 1844 διαπρέπον]
785 1789 980 1842 ζαπρέπον
1000 1788 1256 1829 scribendum
1285 1803 1370 1829 esse
1395 1788 1554 1829 ostendi
1581 1788 1624 1828 in
1646 1788 1759 1828 The-

323 1874 443 1901 sauro
463 1857 660 1914 Stephani
679 1856 758 1897 vol.
781 1868 817 1897 2.
839 1871 878 1911 p.
899 1856 1018 1896 1106.
1042 1856 1097 1896 D.

380 1925 471 1980 ἄτα]
495 1925 593 1966 ἄταν
612 1923 698 1964 duo
715 1922 835 1964 codd.
856 1931 896 1963 et
916 1922 1018 1963 Ald.
1041 1921 1151 1962 Rob.

384 1992 506 2032 1008.
528 1991 793 2044 οἷαι-τύχαι]
819 1989 855 2030 οἲ
875 1989 1066 2043 οἲ-τύχᾳ
1086 1988 1367 2030 Blomfieldus.

380 2058 443 2112 δι’]
468 2059 513 2108 δὴ
534 2057 580 2099 δι’
602 2057 713 2098 Rob.

380 2123 425 2164 δι’
457 2126 594 2165 αἰῶνος
624 2122 754 2176 τύχαι]
789 2140 851 2174 γρ.
886 2123 1066 2173 δαίμονος
1099 2121 1213 2173 τύχαι
1248 2122 1311 2160 M.
1373 2122 1531 2162 Neutra
1560 2120 1759 2176 scriptura

322 2196 453 2228 metro
473 2187 677 2237 satisfacit,
699 2186 812 2241 quod
837 2187 915 2227 tale
937 2186 1039 2241 quid
1061 2185 1253 2241 postulat,
1274 2188 1466 2237 διαίμονες
1484 2188 1611 2239 τύχαι.
1656 2187 1756 2226 Ver-

323 2268 393 2295 sus
428 2253 533 2294 1008
549 2254 731 2293 -1018.
770 2251 1008 2305 πεπλήγμεθ’
1011 2276 1067 2283 -
1083 2255 1229 2295 στολᾶς
1266 2252 1390 2293 choro
1429 2252 1618 2293 tribuunt
1656 2252 1756 2294 Ald.

323 2321 457 2361 Turn.
490 2321 561 2362 Ξε.
577 2319 833 2371 πεπλήγμεθ’,
849 2320 1056 2360 otae-xo.
1076 2317 1555 2371 πεπλήγμεθ’-Περσῶν.
1588 2319 1657 2361 Ξε.
1678 2321 1759 2360 πῶς

324 2385 414 2426 δ’--
433 2389 504 2426 Χο.
524 2386 564 2425 τί
581 2384 671 2426 δ’-·
691 2386 761 2428 Ξε.
782 2387 1078 2439 ὁρᾷς-στολᾶς
1098 2385 1207 2426 Rob.
1231 2385 1373 2440 Steph.

387 2465 507 2506 1009.
531 2451 693 2507 εὔδηλα]
716 2453 880 2503 εὔδηλον
899 2451 1010 2492 Rob.

380 2520 455 2571 γὰρ
473 2533 554 2559 om.
576 2518 686 2559 Rob.

385 2597 502 2625 1010.
534 2583 620 2625 νέαι
649 2584 733 2625 νέαι
764 2583 852 2637 (νέα
872 2583 943 2624 νέα
962 2583 1080 2637 Ald.)
1103 2584 1188 2625 δύαι
1206 2584 1307 2637 δύαι]
1334 2585 1440 2624 Haec
1460 2582 1584 2623 verba
1605 2581 1757 2631 Xerxi,

324 2652 436 2694 chori
462 2652 686 2693 orationem
712 2652 1039 2707 interrumpenti‚
1059 2661 1167 2692 recte
1194 2651 1338 2692 tribuit
1358 2649 1634 2692 Wellauerus.
1694 2649 1758 2690 Si-

324 2719 490 2760 millima
511 2726 606 2759 sunt
625 2718 750 2759 verba
768 2734 806 2758 v.
828 2730 950 2772 1039.
971 2721 1055 2760 αἰαῖ
1073 2720 1168 2768 αἰαῖ,
1189 2720 1260 2760 δύα
1287 2719 1370 2759 δύα.
1430 2718 1621 2757 Fortasse
1646 2723 1759 2755 utro-

323 2785 448 2841 bique
468 2784 726 2826 scribendum
749 2786 832 2825 αἷαῖ
849 2786 943 2833 αἰαῖ,
965 2784 1049 2825 δύαι
1069 2785 1166 2825 δύαι.

385 2864 503 2892 1011.
533 2850 714 2905 Ἰαόνων]
743 2849 914 2892 Ἰαώνων
933 2849 1033 2891 Ald.
1063 2849 1207 2892 Ἰώνων
1226 2850 1334 2891 Rob.
1364 2849 1503 2891 Ἰάνων
1523 2849 1588 2889 Μ.
1609 2856 1650 2889 et
1679 2854 1759 2888 tres

324 2916 406 2958 alii.
