1898 3256
337 239 425 279 AD
459 238 714 280 SEPTEM
748 235 1077 278 ADVERSUS
1112 235 1382 276 THEBAS.
1514 234 1598 276 143

128 346 322 403 quaedam
342 347 395 389 de
415 347 626 405 adjectivis
647 346 821 394 δέκατος,
845 346 994 394 ἔνατος,
1017 343 1208 398 ὀγδόατος
1223 343 1414 401 exempla
1430 344 1597 395 docent,

130 424 240 456 recte
260 425 396 456 tamen
422 415 712 457 Valckenarius
726 413 935 471 judicasse
955 412 1122 454 videtur
1141 413 1182 454 in
1206 412 1343 455 Diatr.
1364 412 1416 454 de
1433 412 1597 453 Aristo-

131 480 232 523 bulo
251 497 294 538 p.
318 496 331 523 1
345 496 409 538 19.
433 489 460 508 “
476 485 642 540 Septem
665 482 791 524 duces
810 496 891 522 non
914 481 1078 522 stabant
1096 480 1149 521 ad
1170 487 1324 538 septem
1337 488 1503 538 portas,
1526 481 1598 523 sed

132 549 351 593 adstabant
382 563 595 609 portarum
628 551 827 607 septimae,
855 549 994 591 forsan
1021 549 1064 590 in
1086 548 1222 590 vicino
1251 550 1282 591 J
1285 550 1373 591 ovis
1399 551 1598 592 altissimi

133 616 289 673 templo
309 617 437 674 κλήρῳ
458 617 670 673 λαχόντες,
690 618 843 669 sortiti,
865 632 990 674 quam
1012 617 1189 673 quisque
1210 616 1263 658 de
1289 627 1445 674 septem
1468 618 1599 675 portis

134 683 210 726 sibi
233 685 402 728 haberet
418 686 639 728 tuendam:
674 686 857 728 nondum
886 684 939 727 ad
971 700 1087 726 suam
1108 700 1319 741 quemque
1338 685 1493 728 ducum
1517 696 1597 728 sta-

135 751 287 794 tionem
308 753 451 795 missos
480 753 610 811 liquet
630 770 679 796 ex
702 770 740 795 v.
765 755 861 806 284.
917 753 1035 795 Infra
1055 769 1091 795 v.
1117 755 1215 809 631.
1247 764 1338 809 post
1367 769 1438 795 sex
1471 754 1599 796 duces

134 821 352 863 recensitos
381 822 563 873 hostiles,
594 822 667 878 qui
697 837 813 864 suam
845 822 922 864 sibi
949 821 1128 878 quisque
1159 830 1322 878 portam
1351 822 1597 864 Thebarum

133 903 374 946 expugnare
393 898 656 941 conarentur,

305 958 375 1000 τὸν
396 958 568 1011 ἕβδομον
588 958 634 1010 δὴ
652 957 757 1001 τόνδ’
781 958 843 1013 ἐφ’
867 957 1055 1011 ἑβδόμαις
1074 960 1218 1002 πύλαις

305 1025 423 1078 λέξω.

135 1081 354 1139 Polynices
388 1083 602 1140 septimam
635 1094 796 1140 portam
828 1083 1150 1140 aggrederetur:
1182 1099 1235 1125 an
1267 1095 1308 1126 et
1343 1084 1412 1126 ille
1443 1095 1597 1141 septem

132 1159 271 1205 portas
302 1150 454 1192 simul?
498 1152 570 1192 An
604 1151 814 1193 Adrastus
854 1151 896 1193 in
937 1152 1156 1209 Euripidis
1195 1153 1452 1195 Phoenissis?
1503 1170 1597 1196 nam

136 1216 282 1259 Phoen.
303 1233 341 1259 v.
363 1232 433 1272 41.

303 1290 390 1329 ταῖς
409 1285 441 1327 δ’
464 1286 650 1339 ἑβδόμαις
663 1286 888 1340 ’Ἄδραστος
909 1289 954 1329 ἐν
973 1289 1164 1330 πύλαισιν
1183 1289 1271 1342 ἦν.”

195 1365 286 1407 129.
318 1353 479 1411 κράνος]
512 1356 719 1397 Potestas.
773 1356 842 1396 De
870 1371 1047 1413 persona
1076 1356 1275 1413 positum,
1297 1368 1344 1400 ut
1374 1359 1414 1400 in
1441 1361 1598 1416 Agam.

137 1432 231 1476 109.
252 1423 433 1476 δίθρονον
454 1423 606 1477 κράτος.
670 1424 738 1466 Sic
753 1430 938 1481 potestas
957 1424 1072 1480 apud
1095 1425 1285 1467 Latinos.
1318 1428 1553 1473 BLOMF.

194 1503 288 1545 130.
308 1492 530 1547 ῥυσίπολις]
554 1493 695 1549 Mosq.
711 1492 885 1549 primus.
936 1491 1076 1548 Vulgo
1093 1494 1335 1546 ῥυσίπτολις.

188 1558 411 1614 ῥυσίπολις]
446 1560 598 1601 Urbem
626 1561 861 1616 defindens.
904 1562 1079 1602 Homer.
1106 1561 1229 1604 Iliad.
1261 1568 1307 1611 Z,
1330 1576 1429 1620 305.
1461 1564 1598 1606 Πότνι’

132 1624 335 1678 Ἀθηναίη,
369 1627 611 1679 ἐρυσίπτολι,
634 1628 706 1670 ubi
736 1628 895 1685 insigne
925 1638 987 1671 est
1013 1629 1213 1671 scholium
1237 1631 1450 1674 Villoison.
1479 1638 1600 1675 πλεο-

135 1694 285 1746 νασμὸς
305 1697 374 1735 τοῦ
393 1700 422 1736 ἓ·
454 1697 491 1737 οἱ
511 1697 553 1737 δὲ
573 1698 678 1750 παρὰ
701 1697 947 1753 Καλλιμάχῳ
975 1697 1045 1739 τὸν
1065 1699 1134 1740 οὐκ
1155 1700 1308 1752 ἀγαθὸν
1329 1702 1599 1754 ἐρυσίπτολιν.

135 1762 269 1806 ἄλλως
290 1764 314 1814 ἡ
339 1767 508 1804 ποιοῦσα
539 1765 686 1817 ἐριπεῖν
715 1767 786 1808 τὰς
812 1763 960 1808 πόλεις.
994 1766 1156 1818 ἄμεινον
1183 1769 1226 1808 δὲ
1253 1770 1453 1821 ῥυσίπολι.
1484 1769 1599 1826 quod

135 1844 215 1886 ope
243 1830 395 1872 codicis
421 1831 638 1873 Leidensis
666 1848 732 1888 ap.
754 1834 925 1874 Ernest.
947 1833 1145 1875 Addend.
1167 1834 1208 1875 in
1233 1835 1397 1878 Gallim.
1427 1837 1478 1878 fr.
1499 1839 1599 1893 463.

136 1896 194 1937 ita
213 1896 435 1954 legendum
458 1898 639 1949 videtur,
661 1902 768 1953 παρὰ
789 1902 831 1942 δὲ
852 1900 1112 1957 Καλλιμάχῳ·
1144 1907 1222 1944 τῶν
1246 1905 1314 1946 οὐκ
1336 1906 1496 1958 ἀγαθῶν
1517 1908 1601 1960 ε’ρυ-

138 1962 323 2023 σίπτολιν
344 1997 468 2007 .....
490 1967 652 2018 ἄμεινον
673 1969 715 2008 δὲ
733 1969 953 2021 ῥυσίπτολι.
986 1970 1218 2012 BLOMF.

195 2033 340 2088 ἵππιος]
372 2034 526 2078 ἵππειος
553 2034 712 2091 aliquot
742 2036 864 2078 codd.
898 2046 940 2078 et
972 2036 1074 2079 Ald.
1108 2038 1220 2080 Rob.
1254 2040 1277 2080 ὅ
1309 2039 1342 2081 θ’
1379 2041 1532 2086 ἵππειος
1558 2042 1599 2084 in

137 2115 302 2142 versum
333 2102 568 2158 proximum
592 2103 786 2146 transfert
808 2104 910 2146 Ald.
962 2105 1237 2148 Scribendum
1270 2123 1354 2150 uno
1381 2124 1502 2152 versu
1533 2113 1600 2165 ῥυ-

137 2169 465 2222 σίπολις-ἅναξ.

197 2249 292 2292 133.
314 2241 475 2293 μαχανᾷ
497 2249 579 2280 tres
598 2239 772 2282 codices.
807 2241 944 2298 Vulgo
963 2246 1138 2298 μηχανᾷ.
1175 2243 1440 2300 significatur
1460 2256 1599 2288 autem

135 2302 200 2345 his
229 2304 364 2346 verbis
392 2305 695 2364 hippocampus
726 2309 928 2366 Neptuni.
982 2310 1133 2352 Strabo
1154 2312 1189 2352 8.
1223 2328 1264 2369 p.
1285 2314 1382 2369 348.
1414 2329 1440 2355 a
1471 2316 1602 2356 Bern-

135 2371 296 2429 hardyo
325 2373 500 2415 collatus
532 2374 746 2417 Eratosth.
779 2391 820 2432 p.
851 2377 917 2430 84.
955 2380 1206 2431 κατακλύσθη
1242 2382 1284 2421 δὲ
1314 2380 1454 2433 Ἑλίκη
1489 2382 1603 2423 δυσὶν

138 2439 246 2481 ἔτεσι
273 2441 349 2494 πρὸ
370 2445 448 2483 τῶν
467 2445 726 2496 Λευκτρικῶν.
756 2443 1047 2498 Ἐρατοσθένης
1075 2448 1118 2487 δὲ
1147 2448 1209 2488 καὶ
1237 2448 1354 2492 αὐτὸς
1384 2451 1480 2490 ἰδεῖν
1502 2455 1603 2502 φησι

137 2506 208 2548 τὸν
227 2506 350 2549 τόπον
371 2509 434 2550 καὶ
454 2509 544 2552 τοὺς
564 2511 764 2564 πορθμέας
782 2511 920 2565 λέγειν
940 2513 991 2556 ὣς
1021 2515 1066 2554 ε’ν
1086 2517 1138 2570 τῷ
1162 2516 1269 2571 πόρῳ
1300 2516 1416 2569 ὀρθὸς
1447 2516 1603 2569 ἑστήκει

137 2577 345 2616 Ποσειδῶν
363 2575 534 2629 χάλκεος
555 2577 659 2632 ἔχων
681 2578 931 2632 ῖππόκαμπον
953 2581 998 2621 ἐν
1017 2581 1064 2636 τῇ
1090 2582 1195 2635 χειρὶ
1225 2584 1405 2625 κίνδυνον
1425 2583 1602 2637 φέροντα

137 2646 219 2686 τοῖς
240 2645 470 2685 δικτυεῦσιν.

194 2712 398 2764 Ποσειδὰν
419 2712 485 2754 Μ.
508 2713 589 2754 Vit.
624 2714 762 2770 Vulgo
783 2719 1005 2758 Ποσειδῶν.
1043 2715 1301 2772 Ambiguam
1326 2717 1365 2758 in
1387 2719 1448 2760 A.
1471 2719 1600 2776 scrip-

137 2787 271 2819 turam
292 2793 378 2819 esse
397 2780 612 2822 annotavit
633 2781 883 2824 Brunckius.

196 2858 292 2900 134.
333 2844 477 2899 φόβων
511 2848 679 2890 A.B,C.
718 2849 884 2906 aliique.
936 2850 1065 2891 Pauci
1105 2849 1251 2903 φόνων.
1295 2851 1429 2906 φόβου
1460 2855 1599 2913 vulgo.

138 2905 275 2980 φόιῗῶῑὶ)
294 2929 362 2971 Μ.

199 3010 216 3038 1
222 3010 247 3051 3
252 3008 292 3052 5.
318 2996 442 3050 Ἀρης
462 2998 666 3054 producta
685 2999 843 3056 syllaba
864 2999 1000 3057 priore
1019 3000 1191 3047 dictum.
