1898 3256
562 202 652 243 AD
684 201 1166 243 PROMETHEUM.
1546 203 1602 246 47

132 329 252 371 opem
284 314 440 356 ferrent
468 314 667 356 adversus
695 314 896 356 Titanas:
930 314 1026 366 αὐτὴ
1055 314 1133 369 γάρ
1161 320 1262 369 σφιν
1292 315 1449 356 ἅπαντα
1477 318 1604 367 διηνε-

135 382 230 426 κέως
265 381 466 434 κατέλεξε,
496 383 572 424 σὺν
599 384 742 427 κείνοις
775 383 886 435 νίκην
916 400 961 425 τε
992 384 1056 425 καὶ
1081 383 1241 436 ἀγλαὸν
1269 383 1386 437 εὖχος
1421 380 1602 436 ἀρέσθαι.

133 450 258 491 Conf.
293 450 580 507 Apollodorus
612 464 650 501 Ι,
684 465 717 492 1.
750 450 821 492 ubi
864 451 1010 492 Coelus
1035 466 1206 508 quoque
1238 450 1485 492 vaticinatus
1513 466 1602 492 esse

131 517 300 560 dicitur.
333 519 521 560 BOTH.

191 598 285 629 210.
318 590 429 636 Γαΐα,
451 589 617 628 πολλῶν
636 586 842 639 ὀνομάτων
859 586 994 640 μορφὴ
1012 585 1103 643 μία]
1137 587 1314 627 Terram
1343 587 1428 628 sive
1451 586 1599 627 Tellu—

132 668 216 694 rem
238 652 357 695 deam
378 653 468 695 aliis
486 654 587 695 alias
605 664 751 710 gentes
771 654 1008 696 nominibus
1027 653 1250 711 appellare,
1274 654 1452 711 Scythas
1471 654 1598 710 Apiae

134 721 358 774 (Herodot.
381 735 425 774 4,
444 723 552 777 59.),
581 722 774 779 Phryges
796 722 989 779 CybeleS,
1011 722 1242 779 AEgyptios
1263 721 1401 770 Isidis,
1426 722 1599 763 Graecos

129 798 269 831 autem
300 799 341 831 et
362 790 577 831 Romanos
599 790 762 832 Cereris
793 791 966 848 (Eurip.
990 790 1142 832 Bacch.
1167 802 1264 845 234.
1286 789 1438 832 Phoen.
1461 792 1599 848 633.),

129 858 160 898 J
166 857 328 908 unonis,
351 859 489 899 Vestae
511 858 682 915 (Eurip.
699 859 849 915 fragm.
870 859 950 901 inc.
970 860 1101 913 178.)‚
1117 858 1263 909 Rheae,
1287 859 1406 914 Opis,
1429 860 1599 900 Proser-

129 924 254 980 pinae,
287 935 433 967 auctor
472 936 534 968 est
570 927 624 968 G.
655 927 695 968 Ι.
725 927 898 969 Vossius
928 926 1136 983 Theolog.
1172 935 1288 982 gent.
1322 938 1359 978 2,
1391 938 1462 982 51.
1484 942 1599 983 seqq.

131 993 264 1034 Recte
295 993 503 1035 Stanleius
533 1000 562 1019 “
580 994 810 1036 Nominum
844 996 1020 1037 varietas
1050 1011 1075 1036 a
1106 994 1335 1035 multifaria
1364 995 1456 1050 ejus
1484 1006 1600 1051 pote-

131 1071 236 1103 state
266 1073 358 1104 orta
383 1073 456 1104 est.
501 1063 636 1105 Procl.
667 1064 710 1105 in
743 1064 972 1114 Timaeum,
996 1064 1233 1105 Comment.
1260 1077 1304 1116 4.
1336 1064 1436 1104 οὕτω
1464 1065 1506 1104 δὲ
1534 1065 1598 1105 καὶ

132 1132 227 1180 αὕτη
247 1131 271 1182 ἡ
291 1133 358 1184 γῆ,
378 1131 502 1185 ἤγουν
522 1131 722 1186 Δημήτηρ,
745 1132 927 1184 δυνάμεις
953 1132 1040 1186 ἔχει
1068 1133 1265 1174 ποικίλας.
1327 1129 1443 1171 Hinc
1474 1131 1521 1172 fit
1553 1140 1600 1172 ut

130 1200 381 1252 πολυωνυμίη
410 1199 653 1242 numinibus
682 1200 991 1257 exoptatissima
1021 1199 1073 1241 sit
1110 1199 1256 1256 gloria,
1278 1213 1405 1255 quam
1435 1213 1460 1238 a
1487 1199 1598 1239 Jove

130 1266 313 1323 postulat
332 1267 486 1319 Diana,
507 1283 594 1325 quo
612 1269 752 1310 minus
772 1268 938 1310 Phoebo
956 1267 1088 1310 cedat.
1121 1266 1284 1309 Callim.
1306 1266 1451 1322 hymn.
1472 1278 1513 1320 3,
1536 1267 1577 1307 6.

241 1358 324 1401 Δός
341 1375 409 1410 μοι
426 1360 643 1412 παρθενίην
663 1359 836 1406 αἰώνιον,
858 1358 982 1405 ἄππα,
1005 1356 1249 1411 φυλάσσειν,

245 1426 309 1467 καὶ
327 1428 617 1480 πολυωνυμίην,
638 1428 706 1469 ἵνα
723 1427 777 1480 μή
795 1444 863 1479 μοι
883 1430 1036 1479 Φοῖβος
1057 1426 1199 1482 ἔρίζῃ.”
1259 1425 1450 1466 ΒΟΤΗ.

189 1551 234 1580 21
248 1551 282 1578 1.
315 1539 531 1596 κραίνοιτο]
563 1539 838 1582 Scribendum
860 1538 1027 1580 videtur
1047 1543 1244 1592 κρανοῖτο.
1288 1539 1464 1579 Homer.
1488 1536 1540 1578 Il.
1564 1541 1597 1589 Ι,

1014 1606 1237 1622 „„„„„

189 1686 284 1730 213.
315 1676 428 1729 χρείη
460 1677 676 1718 Dawesius
706 1675 885 1718 Miscell.
916 1690 959 1732 p.
980 1688 1080 1730 333.
1133 1675 1356 1716 Librorum
1380 1674 1481 1715 vitia
1501 1684 1600 1716 sunt

130 1741 194 1783 vel
215 1742 292 1797 χρὴ
310 1742 349 1795 ἢ,
369 1743 484 1800 quod
505 1754 566 1787 est
584 1745 627 1786 in
650 1746 715 1787 M.
738 1744 840 1787 Ald.
864 1745 1005 1785 Turn.
1029 1742 1192 1799 Steph.,
1213 1742 1279 1784 vel
1299 1741 1403 1796 χρεΐ
1423 1742 1463 1794 ἦ,
1483 1742 1601 1798 quod

129 1810 182 1852 ab
201 1811 283 1852 alia
311 1826 438 1853 manu
469 1811 596 1854 habet
625 1827 770 1870 margo
796 1813 864 1854 M.
916 1811 1006 1853 Alii
1034 1812 1137 1866 χρεῖ’
1156 1810 1195 1869 ᾗ,
1218 1821 1266 1853 ut
1286 1811 1414 1862 Rob.,
1438 1810 1541 1865 χρεί’
1563 1809 1601 1863 ᾗ,

128 1882 229 1933 χρῆν
246 1878 284 1931 ἢ,
305 1882 394 1933 κρῆ·

187 1948 230 1988 δὲ
250 1946 439 1989 additum
461 1963 513 1989 ex
534 1948 626 1990 cod.
649 1948 860 2004 Stephani.
924 1947 1260 2005 Superscriptum
1283 1947 1420 1988 versui
1444 1946 1498 1988 ab
1518 1946 1598 1988 alia

129 2029 256 2055 manu
277 2025 338 2056 est
358 2015 399 2055 in
422 2016 488 2057 M.
538 2015 628 2057 Alii
648 2016 835 2058 nonnulli
855 2034 911 2058 τε.

183 2083 450 2138 ὑπερέχοντας
482 2085 548 2126 Μ.
574 2095 616 2126 et
642 2084 711 2126 alii
740 2084 928 2142 plerique
957 2098 1053 2125 cum
1076 2082 1180 2124 Ald.
1202 2081 1315 2123 Rob.
1335 2082 1599 2135 ὗπερέξοντας

130 2152 268 2193 Turn.
287 2151 433 2207 Steph.
451 2151 748 2207 ὑπερέσχοντας
764 2152 940 2194 Parisini
957 2163 1051 2194 tres.
1081 2150 1354 2193 scribendum
1371 2151 1598 2204 ὑπερσχόν-

127 2236 198 2262 τας
221 2234 317 2260 cum
346 2221 546 2271 Porsono,
572 2221 688 2277 quod
719 2236 801 2262 non
832 2236 910 2277 pro
935 2219 1205 2274 ὑπερέχοντας
1235 2218 1393 2260 dictum
1419 2229 1493 2269 est,
1524 2217 1596 2259 sed

127 2302 197 2328 eos
235 2287 438 2344 significat
470 2288 544 2345 qui
583 2304 723 2331 rerum
759 2304 922 2330 summa
951 2289 1074 2346 potiti
1113 2297 1226 2329 sunt.
1276 2286 1514 2341 Ὕπερσχὼν
1553 2287 1595 2327 in

126 2354 241 2396 libris
270 2355 464 2397 omnibus
492 2356 534 2397 in
566 2356 772 2412 ὑπερέχων
805 2366 1049 2414 corruptum
1084 2356 1200 2413 apud
1229 2355 1381 2412 Eurip.
1415 2355 1595 2412 Hippol.

132 2424 252 2477 1365.
275 2423 510 2465 emendavit
533 2423 842 2466 Valckenarius.

188 2503 282 2543 214.
306 2490 592 2548 ἐξηγουμένου]
615 2491 869 2544 ἐξισουμένου
890 2491 1005 2533 Rob.

188 2560 284 2600 216.
319 2559 506 2612 κράτιστα
536 2560 766 2614 (κράτιστον
796 2559 907 2601 Rob.
929 2558 1045 2614 quod
1076 2573 1278 2615 superscr.
1311 2558 1352 2598 in
1386 2557 1523 2613 Lips.)
1550 2557 1598 2609 δή

127 2642 194 2676 μοι
217 2626 432 2679 (librorum
454 2627 718 2683 quorundam
742 2627 839 2669 vitia
869 2637 966 2668 sunt
996 2626 1043 2677 δή
1070 2643 1132 2678 με,
1164 2624 1208 2666 δέ
1237 2642 1318 2678 μοι,
1350 2624 1393 2666 δέ
1422 2626 1488 2678 με)
1518 2629 1597 2666 τῶν

130 2694 410 2750 παρεστώτων]
434 2695 652 2752 Aristoph.
674 2696 822 2752 Equit.
839 2709 910 2751 30.
934 2694 1122 2748 κράτιστα
1140 2696 1273 2735 τοίνυν
1293 2696 1370 2734 τῶν
1389 2694 1597 2746 παρόντων

129 2763 215 2803 ἐστὶ
234 2763 315 2817 νῷν
336 2766 437 2804 θεῶν
459 2765 562 2805 ἰόντε
590 2768 839 2816 προσπεσεῖν
858 2781 926 2805 του
946 2763 1043 2815 πρὸς
1067 2761 1231 2815 βρέτας,
1253 2761 1430 2803 contulit
1452 2761 1595 2802 Blom-

126 2830 236 2871 field.

187 2909 284 2951 217.
324 2899 614 2951 προσλαβόντα
651 2913 702 2939 ex
743 2908 944 2954 quattuor
984 2897 1107 2940 codd.
1149 2897 1373 2953 repositum
1392 2913 1400 2938 :
1449 2913 1594 2954 super·

127 2966 326 3023 scriptum
348 2977 409 3007 cst
429 2965 470 3008 in
493 2967 550 3007 A.
603 2965 742 3023 Vulgo
763 2968 1057 3019 προσλαβόντι,
1079 2964 1358 3008 consentiente
1380 2966 1447 3007 M.
