1898 3256
574 203 665 245 AD
696 201 1176 265 PROMETHEUM.
1558 204 1615 249 79

143 315 310 358 admisit
330 315 575 374 AEschylus,
596 317 668 359 sed
694 317 817 358 etiam
845 316 886 358 in
914 317 1115 369 ἰσόμοιρος
1137 314 1331 372 Choeph.
1351 328 1451 371 319.
1484 317 1613 372 σκότῳ

143 383 248 436 φάος
276 385 493 437 ἰσόμοιρον,
522 394 563 426 et
589 384 633 426 in
668 383 843 441 simplici
868 384 955 428 ἶσος
985 384 1136 440 fragm.
1161 396 1258 425 200.
1291 386 1329 425 εἴ
1358 401 1425 436 μοι
1455 383 1613 437 γένοιτο

143 453 271 503 φᾶρος
308 451 401 492 ἴσον
434 453 599 508 οὐρανῷ.
651 457 683 478 “
705 454 903 506 ἰσόνειρον
934 453 1108 495 Somnio
1142 452 1334 503 similem,
1370 451 1614 508 metaphora

143 517 295 574 saepius
315 534 340 560 a
361 519 521 560 Graecis
536 519 589 561 ad
610 520 922 576 exprimendam
945 519 1266 562 imbecillitatem
1288 519 1489 562 adhibita.
1546 519 1613 562 Sic

143 584 352 627 Pindarus
373 590 486 630 σκιᾶς
511 588 609 640 ὄναρ
637 588 836 641 ἄνθρωποι
856 587 984 645 Pyth.
1007 589 1048 630 8.
1066 602 1081 627 1
1091 601 1115 644 3
1118 598 1162 644 5.
1222 589 1281 629 Et
1306 587 1613 644 Aristophanes

140 667 166 693 a
187 653 369 694 Morello
389 653 583 696 laudatus
608 657 687 696 Av.
711 655 809 698 688.

256 749 550 803 ὀλιγοδρανέες,
571 750 789 803 πλάσματα
807 754 951 803 πηλοῦ,
974 753 1173 793 σκιοείδεα
1194 751 1288 805 φῦλ’
1311 752 1503 804 ἀμενηνὰ,

256 817 425 869 ἀπτῆνες
443 817 664 872 ἐφημέριοι,
687 819 829 860 ταλαοὶ
849 819 1003 872 βροτοὶ,
1026 820 1320 872 εἰκελόνειροι.”

141 911 275 952 SCH.
317 911 523 954 Stanleius
560 912 750 970 apposite
790 913 890 955 citat
925 913 1078 970 Eurip.
1115 913 1321 956 Phoeniss.
1355 917 1476 971 1736.
1515 916 1609 958 ὥστ’

139 979 296 1031 ὄνειρον
319 980 437 1034 ἰσχὺν
467 981 584 1035 ἔχων.
644 981 798 1037 Adjice
828 981 955 1022 nostri
984 982 1140 1038 Agam.
1164 982 1233 1023 81.
1263 982 1401 1027 παιδὸς
1431 983 1463 1025 δ’
1495 985 1612 1027 οὐδὲν

139 1047 294 1100 ἀρείων,
311 1046 442 1100 Ὅναρ
463 1049 741 1102 ἡμερόφαντον
761 1050 932 1091 ἀλαίνει.
957 1050 1192 1091 BLOMF.

195 1128 294 1170 550.
335 1115 464 1158 ἀλαὸν
498 1120 525 1145 *
563 1117 588 1143 *
622 1117 648 1142 ²¹²
683 1116 702 1173 ]
738 1116 931 1159 Delenda
963 1116 1124 1159 lacunae
1155 1118 1272 1174 signa
1304 1118 1359 1159 ab
1394 1119 1610 1161 Brunckio

137 1184 264 1226 illata.
325 1185 435 1226 Nam
457 1186 690 1243 AEschylus
709 1186 928 1242 scripserat
949 1185 1077 1228 ἀλαὸν
1098 1185 1215 1239 γένος
1236 1187 1580 1240 ἐμπεποδισμένον
1597 1207 1607 1236 ;

138 1254 283 1295 οὔποτε
323 1257 478 1296 θνατῶν
503 1253 510 1310 Ι
535 1256 609 1296 τᾶν
642 1255 739 1298 Διὸς
778 1257 970 1308 ἁρμονίαν
1006 1256 1159 1308 ἀνδρῶν
1196 1257 1406 1308 παρεξίασι
1444 1258 1608 1307 βουλαί.

139 1321 247 1371 Quae
276 1321 482 1378 scriptura
510 1322 760 1379 interpolata
788 1322 842 1364 ab
871 1322 1048 1364 librariis
1077 1332 1139 1364 est
1168 1322 1436 1379 exquisitiore
1460 1323 1609 1364 verbo-

138 1404 233 1430 rum
262 1389 529 1432 collocatione
558 1390 736 1433 offensis.
796 1392 915 1447 Apte
942 1399 1081 1432 autem
1114 1392 1266 1444 ἆνδρῶν
1284 1390 1448 1432 addidit
1472 1401 1608 1448 poeta,

137 1457 333 1514 quoniam
365 1459 515 1510 βουλαὶ
543 1459 619 1500 etsi
650 1474 733 1500 non
752 1459 946 1516 ‚propriae
976 1459 1160 1501 virorum
1192 1468 1304 1510 sunt,
1341 1468 1478 1500 tamen
1511 1459 1610 1501 viris

138 1524 220 1567 κατ’
242 1524 388 1580 ἐξοχὴν
408 1526 534 1567 tribui
557 1526 701 1568 solent.

193 1603 294 1649 551.
314 1595 408 1651 τᾶν]
432 1594 504 1646 τὴν
521 1593 624 1636 Ald.
649 1594 762 1636 Rob.

196 1659 371 1716 θνατῶν]
395 1664 548 1714 θνητῶν
568 1661 673 1703 Ald.
696 1661 808 1702 Rob.
831 1670 872 1702 et
892 1660 1053 1717 aliquot
1074 1660 1198 1703 codd.

194 1728 426 1784 παρεξίασι]
450 1728 625 1770 Hesiod.
648 1728 874 1785 Theogon.
895 1730 993 1772 612.

308 1821 385 1866 “Ως
405 1823 475 1864 οὐκ
496 1823 582 1865 ἔστι
603 1823 701 1868 Διὸς
721 1823 871 1877 κλέψαι
891 1824 999 1874 νόον,
1021 1823 1111 1865 οὐδὲ
1131 1828 1364 1877 παρελθεῖν.

138 1916 292 1957 Noster
311 1916 352 1957 in
378 1917 566 1974 Supplic.
586 1931 709 1974 1049.

195 2011 294 2055 Διὸς
312 2012 359 2053 οὐ
377 2012 592 2065 παραβατά
613 2011 847 2068 [παρβατός]
870 2011 983 2053 ἔστιν
1001 2011 1159 2066 μεγάλα
1179 2013 1286 2066 φρὴν
1306 2014 1513 2068 ἀπέρατος.

139 2105 316 2148 Homer.
340 2106 494 2163 Odyss.
516 2111 565 2158 E,
587 2120 682 2163 103.

307 2194 440 2238 Ἀλλᾶ
458 2195 551 2248 μάλ’
575 2197 703 2240 οὔπως
723 2197 810 2238 ἔστι
832 2197 930 2239 Διὸς
951 2195 1045 2238 νόον
1066 2196 1264 2251 αἰγιόχοιο

309 2264 399 2305 οὔτε
417 2265 540 2317 παρὲξ
561 2263 698 2306 ἐλθεῖν
719 2265 849 2305 ἄλλον
870 2263 976 2316 θεόν,
999 2264 1081 2308 οὔθ’
1103 2267 1286 2307 ἁλιῶσαι.

138 2352 358 2393 STANL.
395 2352 550 2408 Adjice
582 2352 704 2394 Iliad.
733 2357 784 2403 A,
805 2365 900 2408 132.
932 2352 1021 2395 ἐπεὶ
1050 2354 1096 2394 οὐ
1123 2355 1404 2407 παρελεύσεαι,
1436 2354 1528 2396 οὐδέ
1556 2374 1606 2408 με

135 2419 299 2462 πείσεις.
323 2420 556 2461 BLOMF.

191 2497 292 2540 555.
323 2487 565 2542 διαμφίδιον]
589 2487 779 2543 Hesych.
802 2489 1045 2540 Διαμφίδιον
1063 2487 1197 2538 μέλος·
1233 2489 1415 2538 ἀλλοῖον,
1439 2491 1602 2531 διαπαν-

136 2552 202 2596 τὸς
222 2554 528 2608 κεχωρισμένον·
562 2555 685 2607 ἀμφὶς
703 2557 780 2607 γὰρ
800 2556 930 2608 χωρίς.
961 2556 1166 2608 Αἰσχύλος
1184 2559 1391 2607 Προμηθεῖ
1410 2558 1602 2613 δεσμώτῃ.

138 2619 275 2661 Schol.
306 2622 364 2662 A.
397 2620 488 2663 τότε
516 2624 593 2675 γὰρ
622 2623 816 2675 γαμοῦντί
846 2638 912 2662 σοι
940 2621 1011 2662 τὸν
1040 2621 1230 2672 ὑμέναιον
1260 2621 1418 2673 ᾔδομεν,
1454 2626 1525 2664 νῦν
1561 2626 1604 2665 δὲ

135 2688 399 2740 δυστυχοῦντί
416 2704 482 2728 σοι
502 2691 661 2741 θρῆνον.
683 2690 914 2730 BLOMF.

191 2756 290 2809 556.
323 2754 451 2796 ἐκεῖνό
481 2754 514 2796 θ’
547 2755 601 2795 ὅτ’
635 2755 887 2797 Brunckius.
917 2754 1047 2795 ἐκεῖνό
1075 2754 1109 2797 θ’
1139 2756 1175 2802 ὅ,
1203 2755 1235 2796 τ’
1265 2756 1409 2812 Steph.
1435 2766 1476 2798 et
1508 2773 1603 2814 pars

136 2822 340 2863 codicum.
361 2822 489 2864 ἐκεῖνο
509 2823 543 2863 τ’
564 2822 617 2862 ὅτ’
642 2824 779 2863 Turn.
801 2821 937 2877 ἐκείνῳ
965 2839 1008 2863 τε
1037 2823 1073 2872 ὅ,
1100 2822 1131 2863 τ’
1154 2823 1257 2865 Ald.
1288 2824 1403 2879 quod
1432 2840 1602 2881 corrup-

136 2899 224 2930 tum
261 2905 310 2930 ex
345 2889 476 2931 ἐκεῖνό
510 2906 555 2930 τε
587 2891 622 2936 ὅ,
657 2890 702 2936 τ’,
740 2904 835 2944 quae
870 2889 1030 2944 aliquot
1064 2889 1252 2931 codicum
1292 2891 1495 2947 scriptura
1526 2905 1600 2935 est.

137 2955 264 2998 ἐκεῖνό
287 2974 334 3010 γε
355 2957 409 2997 ὅτ’
433 2958 541 2999 Rob.
566 2956 679 2998 ἐκεῖν’
703 2958 770 2998 ὅτε
790 2955 866 2997 τότ’
890 2957 956 2997 Μ.
