1898 3256
692 231 784 273 AD
815 230 1065 274 PERSAS.
1536 229 1624 273 257

207 351 302 394 227.
325 340 539 397 ἐκύρωσας]
561 341 760 395 ἐκύρωσεν
778 340 845 383 vel
866 341 1040 394 ἐκύρωσε
1059 340 1146 382 duo
1166 339 1290 383 codd.

207 409 303 450 228.
326 409 546 464 ἐκτελοῖτο]
570 407 750 466 Aliquot
769 406 890 451 codd.
913 407 1121 460 ἐξιλεοῖτο.

206 474 273 532 δὴ]
296 477 340 518 δὲ
355 475 456 518 Ald.
479 476 590 518 Rob.

208 554 303 598 229.
326 543 521 601 θήσομεν]
543 544 716 597 θήσομαι
736 544 847 586 Rob.

207 622 303 666 232.
327 613 511 668 δυσμαῖς]
537 614 689 665 δυσμὰς
709 614 766 654 Α.
787 621 830 654 et
849 630 915 666 γρ.
939 613 992 653 Β.

203 679 505 737 φθινασμάτων]
536 681 813 735 φθινάσμασιν
834 679 996 723 Pauwii
1015 679 1215 722 correctio
1235 689 1309 721 est.
1343 679 1543 722 Eustath.
1566 679 1621 722 ad

150 745 273 789 Iliad.
288 751 341 790 Θ.
362 763 404 804 p.
423 750 524 804 698,
539 761 608 803 24.
630 749 702 802 τὴν
722 751 838 792 δύσιν
855 749 1063 804 Αἰσχύλος
1082 749 1197 801 ἡλίου
1214 747 1329 802 λέγει
1349 747 1621 802 φθινάσματα.

151 814 273 856 Idem
293 815 347 857 ad
370 815 493 858 Iliad.
514 819 564 858 A.
585 832 627 874 p.
652 818 751 873 832,
773 829 842 873 45.
873 818 988 869 ἡλίου
1009 818 1220 870 φθίνασμα
1239 815 1311 868 τὴν
1332 816 1445 858 δύσιν
1466 815 1545 870 ἔφη
1566 833 1625 859 τις

147 882 319 936 ποιητής.
352 884 593 942 Hesychius
612 885 696 927 huc
718 885 911 943 respicit3
946 884 1218 938 Φθινάσμασι,
1241 885 1421 938 φθίσεσι.
1462 885 1624 926 Forsan

148 959 286 992 tamen
307 951 544 1008 legendum,
566 953 734 998 ἄνακτός
755 953 788 996 θ’
805 954 920 1006 ἡλίου
940 952 1231 1008 φθινάσμασιν.
1264 951 1475 993 Herodot.
1495 962 1536 1006 7,
1551 952 1622 1007 58.

148 1019 171 1060 ὁ
199 1019 243 1061 δὲ
263 1018 343 1061 κατ’
364 1019 528 1074 ἤπειρον
549 1021 717 1075 στρατὸς
737 1022 836 1076 πρὸς
855 1022 911 1074 ἠῶ
931 1038 975 1064 τε
997 1021 1060 1063 καὶ
1078 1021 1194 1074 ἡλίου
1215 1021 1414 1064 ἀνατολὰς
1444 1019 1623 1062 ἐποιέετο

149 1086 221 1138 τὴν
260 1088 367 1130 ὁδόν.
417 1088 504 1140 ubi,
540 1089 647 1131 sicut
680 1090 723 1131 in
763 1090 841 1132 hoc
875 1089 979 1141 loco,
1021 1090 1065 1131 ἓν
1105 1091 1169 1131 διὰ
1207 1092 1317 1130 δυοῖν
1355 1087 1622 1145 exprimitur.

149 1155 383 1198 BLOMF.
446 1156 723 1199 Scribendum
757 1157 1034 1212 φθινάσμασιν
1069 1171 1164 1199 cum
1198 1156 1388 1207 Pauwio,
1419 1164 1624 1198 commate

149 1230 245 1279 post
266 1227 432 1276 δυσμαῖς
451 1224 599 1282 posito.

208 1303 305 1347 234.
336 1295 448 1334 πᾶσα
476 1293 628 1349 γὰρ-]
665 1293 718 1334 Id
753 1302 828 1341 est,
861 1307 935 1334 nec
966 1294 1119 1334 mirum
1135 1310 1150 1340 ;
1183 1307 1283 1334 nam
1316 1293 1394 1334 hac
1423 1293 1527 1335 urbe
1553 1307 1626 1335 ex-

141 1366 348 1418 pugnata
369 1363 506 1402 omnis
528 1362 697 1403 G'raecz‘a
717 1362 765 1402 in
785 1362 904 1419 reg-is
920 1366 1165 1418 potestatem
1185 1361 1360 1402 veniret.
1395 1362 1530 1404 SCH.

209 1438 306 1485 235.
334 1430 627 1483 ἀνδροπλήθεια
646 1446 789 1472 omnes
810 1439 961 1487 praeter
983 1429 1183 1472 Cantabr.
1206 1444 1284 1471 see.
1308 1429 1382 1486 qui
1404 1430 1627 1484 ἀνδροπλή-

150 1500 229 1545 θια,
245 1497 360 1553 quod
376 1497 418 1538 in
435 1508 595 1541 textum
613 1499 765 1556 recepi,
781 1508 954 1541 accentu
970 1505 1145 1540 mutato.
1179 1497 1375 1554 Sophocl.
1392 1499 1624 1540 Laocoont.

150 1564 203 1606 fr.
223 1578 268 1621 3.
304 1568 456 1607 Κυκλεῖ
472 1567 516 1607 δὲ
535 1570 670 1609 πᾶσαν
690 1569 852 1609 οἰκετῶν
871 1567 1142 1620 παμπληθίαν.
1199 1565 1319 1607 Idem
1344 1567 1466 1623 Tyro
1485 1566 1539 1608 fr.
1559 1580 1576 1608 1
1589 1580 1626 1608 Ι.

152 1637 331 1675 Πολλῶν
343 1632 374 1674 δ’
391 1634 435 1676 ἐν
447 1636 711 1691 πολυπληθίᾳ.
733 1634 869 1692 Apud
877 1634 1084 1676 Herodot.
1096 1644 1134 1688 7.
1143 1648 1181 1687 9.
1195 1633 1347 1690 quaerit
1358 1634 1625 1686 Mardonius,

145 1699 354 1754 Ἕλληνας
374 1702 431 1750 δὲ,
453 1702 702 1756 ὑπάρξαντας
724 1704 886 1754 ἀδικίης,
910 1703 956 1744 οὐ
977 1703 1303 1756 τιμωρησόμεθα;
1341 1703 1382 1744 τί
1399 1696 1624 1751 δείσαντες;

155 1769 267 1820 κοίην
282 1768 456 1821 πλήθεος
476 1770 728 1824 συστροφήν;
753 1772 863 1822 κοίην
884 1772 927 1812 δὲ
946 1769 1157 1825 χρημάτων
1178 1771 1342 1823 δύναμιν
1350 1788 1361 1819 ;
1392 1771 1626 1812 BLOMF.

213 1838 310 1894 236.
342 1840 478 1879 πολλὰ
498 1838 544 1890 δὴ
566 1838 741 1895 Μήδους]
769 1839 815 1892 δὴ
836 1839 999 1892 Μήδους
1025 1843 1200 1880 πλεῖστα
1221 1838 1333 1880 Rob.
1385 1838 1628 1896 Respicitur

153 1906 207 1947 ad
225 1920 412 1962 pugnam
435 1906 761 1948 Marathoniam.

213 1974 309 2029 238.
346 1974 516 2027 ἀργύρου
555 1975 679 2031 πηγή]
726 1975 937 2017 Sectiones
973 1975 1229 2032 argentarias
1266 1975 1308 2016 in
1349 1975 1497 2017 Attica
1529 1974 1626 2016 olim

154 2041 303 2083 uberes
315 2041 456 2083 'fuisse
485 2042 610 2085 refert
644 2043 795 2086 Strabo
816 2058 855 2100 9.
886 2059 930 2101 p.
952 2056 1051 2100 399.
1083 2045 1132 2084 τὰ
1159 2041 1190 2084 δ’
1219 2043 1408 2097 ἀργύρεια
1434 2045 1484 2085 τὰ
1511 2045 1556 2085 ἐν
1583 2046 1628 2096 τῇ

151 2108 312 2167 Ἀττικῇ
347 2113 547 2165 καταρχὰς
586 2112 661 2164 μὲν
700 2112 749 2164 ἤν
784 2113 995 2166 ἀξιόλογα,
1035 2113 1122 2153 νυνὶ
1167 2110 1198 2152 δ’
1236 2112 1423 2153 ἐκλείπει.
1486 2112 1630 2155 Locus

151 2186 310 2228 autem,
338 2187 387 2219 ut
415 2178 608 2220 observat
634 2180 814 2226 Casaub.
846 2179 900 2221 ad
928 2179 971 2221 h.
988 2179 1029 2231 l.‚
1057 2179 1131 2221 ubi
1165 2179 1282 2221 fuere
1307 2179 1468 2236 argenti
1497 2195 1628 2233 venae,

151 2245 380 2288 vocabatur
401 2246 622 2289 Laurium.
664 2247 865 2305 Thucyd.
889 2260 929 2299 2,
951 2258 1020 2304 55.
1042 2250 1250 2302 παρῆλθον
1275 2249 1315 2292 ἐς
1345 2247 1417 2300 τὴν
1445 2247 1629 2301 πάραλον

153 2316 229 2367 γῆν
259 2313 521 2367 καλουμένην,
551 2315 671 2370 μέχρι
702 2317 875 2370 Λαυρίου
910 2318 1038 2370 ὅρους,
1073 2317 1119 2358 οὗ
1153 2318 1202 2357 τὰ
1227 2316 1415 2370 ἀργύρεια
1444 2315 1630 2369 μέταλλά

154 2382 267 2423 ἐστιν
294 2380 533 2433 Ἀθηναίοις.
595 2384 656 2425 Et
682 2385 724 2435 6,
756 2397 824 2438 91.
855 2394 1150 2425 commemorat
1184 2383 1427 2425 Alcibiades
1456 2386 1527 2428 τὰς
1560 2387 1630 2426 τοῦ

154 2449 350 2502 Λαυρείου
370 2453 447 2490 τῶν
468 2451 685 2503 ἀργυρείων
699 2451 913 2503 μετάλλων
927 2452 1160 2505 προσόδους.
1193 2451 1261 2494 Cf.
1278 2451 1402 2493 etiam
1419 2452 1627 2494 Herodot.

155 2526 196 2570 7,
217 2530 310 2570 144.
328 2516 403 2573 qui
423 2525 600 2558 testatur
619 2518 805 2574 potuisse
826 2518 1106 2560 Athenienses
1121 2535 1144 2561 e
1165 2519 1313 2561 Laurii
1329 2519 1506 2562 metallis
1525 2520 1631 2562 acci-

154 2598 254 2641 pere
273 2583 445 2638 ὀρχηδὸν
463 2584 633 2627 ἕκαστον
654 2585 749 2627 δέκα
770 2586 972 2640 δραχμάς;
1004 2587 1258 2644 omninoque
1275 2588 1518 2645 Xenophon
1539 2590 1630 2642 περὶ

154 2652 314 2705 Πόρων,
336 2666 462 2708 quem
482 2651 636 2694 librum
653 2664 762 2696 recte
777 2654 941 2711 judicat
963 2655 1238 2697 Casaubonus
1258 2656 1312 2698 ab
1333 2672 1382 2698 eo
1402 2657 1482 2698 hoo
1502 2657 1628 2715 potis-

155 2718 305 2760 simum
339 2718 509 2761 consilio
544 2720 744 2778 scriptum
781 2738 883 2773 esse,
917 2732 965 2764 ut
1001 2723 1280 2765 Athenienses
1317 2723 1371 2765 ad
1411 2724 1629 2767 fodiendas

156 2795 324 2828 strenue
343 2786 668 2843 argentifodinas
686 2789 935 2832 hortaretur.
970 2791 1194 2833 STANL.

214 2867 311 2911 239.
341 2859 480 2909 χεροῖν
512 2855 738 2900 Elmsleius
773 2858 827 2900 ad
859 2859 1012 2915 Eurip.
1046 2859 1166 2901 Med.
1200 2872 1322 2916 1334.
1352 2860 1470 2915 χερὸς
1505 2860 1626 2903 codd.

155 2931 197 2964 et
230 2921 334 2965 Ald.
366 2923 477 2965 Rob.
511 2926 630 2979 χερός
669 2928 705 2980 γ’
740 2926 983 2968 Turnebus.
1028 2931 1158 2982 χερῶν
1190 2927 1445 2979 Brunckius‚
1478 2928 1627 2972 collato

156 2990 270 3047 Sept.
291 3002 389 3047 433.
411 2991 558 3046 φλέγει
578 2994 622 3036 δὲ
641 2996 802 3047 λαμπὰς
822 2996 887 3036 διὰ
900 2998 1031 3050 χερῶν
1051 2995 1295 3049 ὡπλισμένη.

842 3076 869 3102 K
893 3061 919 3103 k
