1898 3256
355 244 445 285 AD
478 243 733 285 SEPTEM
766 242 1097 285 ADVERSUS
1130 240 1403 283 THEBAS.
1527 238 1606 281 171

148 353 355 411 Euripide
384 353 559 406 ridetur,
580 363 726 411 utpote
752 354 928 396 Κύκνους
956 355 1081 394 ποιῶν
1106 353 1169 393 καὶ
1190 350 1408 403 Μέμνονας
1438 353 1613 391 κωδωνο-

148 423 478 475 φαλαροπώλους.
523 422 596 464 ubi
635 420 761 464 schol.
802 420 1076 464 Ἀπολλώνιός
1115 425 1254 473 φησιν,
1291 419 1352 460 ὅτι
1389 417 1614 471 παρήνεγκε

148 489 375 544 χρωμένους
396 491 551 532 κώδωσί
573 507 693 534 τινας.
725 490 905 533 κώδωνας
931 490 978 530 ἐν
1002 492 1084 532 τοῖς
1113 486 1312 541 φαλάροις
1341 486 1405 528 καὶ
1432 489 1616 541 χαλινοῖς

148 561 228 599 τῶν
258 559 387 600 ἵππων
417 559 593 613 ἔχοντας.
641 557 745 600 Vide
774 566 815 599 et
842 558 927 598 Av.
949 557 1046 610 842.
1083 557 1205 597 1160.
1237 555 1289 596 de
1319 555 1400 597 alia
1426 555 1617 597 κωδώνων

150 625 322 668 ratione.
355 627 583 668 BLOMF.

209 707 308 749 390.
340 695 584 747 πρεσβίστος
614 704 749 751 potest
778 710 864 736 esse
893 693 953 735 vel
984 694 1228 746 τιμιώτατος,
1259 701 1306 734 ut
1341 691 1451 748 expl.
1489 690 1617 732 schol.

152 762 377 803 Astrorum
398 763 532 813 decus,
556 771 603 804 ut
623 762 680 804 ait
703 762 847 818 Virgil.
870 764 972 804 AEn.
996 776 1037 817 9,
1055 771 1156 817 405.
1187 777 1213 802 a
1235 760 1419 802 Stanleio
1439 759 1616 808 citatus;

153 829 217 870 vel
237 831 586 886 antiquissimus,-
621 831 758 872 Lunae
779 832 886 872 enim
908 830 1135 887 antiquitas
1153 830 1195 871 in
1217 828 1484 886 proverbium
1506 827 1619 870 abiit.

154 898 341 939 Priorem
364 914 526 940 sensum
549 900 740 957 praefero,
760 900 833 957 qui
853 900 951 942 huic
971 900 1100 942 verbo
1115 899 1156 940 in
1175 898 1432 955 temporibus
1447 896 1623 939 heroicis

152 966 344 1017 accrevit,
369 981 465 1008 cum
498 983 621 1009 senex
652 968 831 1025 quisque
860 968 1041 1010 maxime
1068 967 1383 1024 suspiciebatur.
1445 965 1624 1007 Homeri

153 1034 315 1087 πρέσβα
335 1037 408 1077 θεὰ
428 1036 710 1092 Etymologus
731 1052 772 1093 p.
797 1037 894 1089 687,
917 1050 957 1092 3.
979 1036 1159 1093 explicat
1179 1036 1448 1090 πρεσβυτάτη,
1472 1037 1624 1088 ε’ντιμο·

154 1102 263 1155 τάτη.
315 1104 522 1146 Herodot.
545 1117 586 1160 5,
608 1107 675 1161 63.
699 1107 748 1146 τὰ
767 1107 844 1159 γὰρ
865 1108 934 1146 τοῦ
955 1108 1065 1147 Θεοῦ
1083 1106 1337 1159 πρεσβύτερα
1368 1105 1572 1146 ἐποιεῦντο
1601 1101 1626 1154 ἢ

155 1174 206 1214 τὰ
235 1176 313 1214 τῶν
342 1173 509 1226 ἀνδρῶν.
543 1174 684 1230 magis
717 1174 1032 1225 reverebantur,
1068 1183 1117 1215 ut
1151 1172 1266 1230 apud
1298 1172 1487 1220 Latinos,
1514 1172 1627 1213 anti-

153 1242 282 1298 quius
299 1241 520 1283 habehant.
556 1241 781 1298 Sophocles
798 1242 950 1293 Tereo,
965 1257 1032 1299 ap.
1051 1241 1177 1283 schol.
1195 1243 1340 1283 Venet.
1361 1241 1416 1282 ad
1438 1239 1562 1282 Iliad.
1575 1243 1628 1291 O,

161 1320 259 1364 705.
275 1307 413 1357 Ἥλιε,
437 1310 645 1362 φιλίπποις
666 1309 793 1366 Θρῃξὶ
816 1309 1065 1363 πρέσβιστον
1085 1309 1224 1353 σέλας.
1250 1309 1466 1366 (vulgatur
1487 1309 1630 1350 ἔλιε-

159 1376 290 1430 Θριξί.
342 1376 428 1418 vid.
471 1376 620 1434 Eurip.
665 1377 834 1419 Hecub.
873 1378 992 1430 428.)
1035 1377 1292 1420 Valckenaer.
1334 1377 1376 1419 in
1417 1375 1629 1418 Adoniaz.

162 1445 324 1487 Theoc.
359 1460 402 1502 p.
434 1446 532 1500 318.
565 1447 614 1488 C.
661 1446 821 1488 confert
863 1445 1059 1503 Sophocl.
1100 1461 1170 1503 ap.
1209 1445 1396 1504 Hesych.
1437 1461 1479 1486 v.
1517 1445 1629 1487 Δαίς.

153 1511 316 1555 ῗΗλθὲν
335 1515 379 1555 δὲ
396 1513 495 1557 Δαὶς
515 1514 670 1565 θάλεια,
692 1516 916 1568 πρεσβίστη
938 1518 1052 1556 θεῶν.
1093 1515 1256 1556 Erinna
1275 1530 1343 1571 ap.
1370 1513 1489 1556 Stob.
1514 1512 1629 1554 Flor.

162 1596 206 1638 p.
222 1595 292 1636 49.
315 1583 388 1623 Σοὶ
403 1583 508 1638 μόνα
537 1582 765 1636 πρέσβιστα
786 1582 929 1625 δέδωκε
950 1587 1085 1636 Μοῖρα
1109 1586 1246 1627 Κῦὸος.
1299 1584 1495 1624 Ceterum
1525 1581 1631 1623 bene

162 1650 397 1692 observavit
417 1650 647 1702 scholiasta,
671 1651 806 1692 Solem
833 1651 947 1709 apud
969 1651 1201 1693 Pindarum
1224 1652 1375 1705 ἄστρον
1395 1649 1556 1701 audire,
1579 1665 1631 1691 sc.

163 1719 335 1777 Olymp.
357 1733 394 1771 1,
414 1734 455 1775 9.
486 1720 722 1762 BLOMF.

222 1788 395 1844 ἄστρων]
418 1789 570 1841 ἀνδρῶν
591 1789 737 1844 Etym.
760 1790 827 1830 M.
850 1804 890 1845 p.
915 1799 1015 1845 753,
1040 1802 1109 1833 22.

225 1856 363 1900 νυκτὸς
392 1852 619 1911 ὀφθαλμὸς]
656 1857 725 1898 Ita
757 1856 879 1914 plane
910 1857 1120 1898 Pindarus
1150 1856 1321 1914 Olymp.
1355 1870 1399 1912 3,
1430 1870 1499 1912 35.
1531 1857 1637 1911 διχό-

164 1943 281 1979 μηνις
318 1926 417 1966 ὅλον
456 1924 731 1979 χρυσάρματος
776 1925 946 1979 ἑσπέρας
985 1926 1199 1980 ὀφθαλμὸν
1238 1925 1461 1979 ἀντέφλεξε
1502 1924 1638 1976 Μήνα.

170 1994 394 2036 STANL.
456 1992 524 2034 Sic
553 1993 750 2051 Euripidi
788 1994 886 2051 Iph.
918 1995 974 2036 T.
1009 2008 1102 2050 194.
1140 1993 1198 2035 sol
1227 1993 1381 2036 dicitur
1416 1995 1520 2046 ἱερᾶς
1549 1990 1638 2045 ὄμμ’

167 2063 294 2116 αὐγᾶς
324 2062 447 2105 ἅλιος.
491 2061 620 2118 Soph.
652 2062 800 2118 Antig.
841 2075 934 2115 104.
966 2062 996 2104 ὦ
1027 2062 1201 2117 χρυσέας
1234 2061 1382 2115 ἁμέρας
1410 2060 1638 2115 βλέφαρον.

170 2132 197 2172 i.
218 2147 255 2173 e.
277 2131 351 2173 sol.
396 2131 549 2172 Noster
570 2132 684 2172 Pers.
705 2131 805 2184 428.
820 2130 928 2175 Ἕως
953 2134 1135 2183 κελαινῆς
1166 2130 1303 2174 νυκτὸς
1322 2128 1410 2182 ὄψ’
1434 2130 1640 2182 ἀφείλετο.

170 2200 245 2242 ubi
262 2210 398 2241 tamen
419 2214 496 2256 pro
514 2205 633 2240 ‘nocte‘
650 2199 747 2255 poni
761 2199 927 2256 judicat
948 2199 1169 2241 Stanleius.
1213 2198 1494 2255 Tragicorum
1515 2198 1557 2238 in
1580 2196 1644 2238 his

173 2268 297 2310 rebus
326 2267 731 2324 grandiloquentiam
762 2267 870 2308 ridet
894 2267 1114 2324 Aristoph.
1137 2269 1179 2309 Ν
1184 2268 1255 2309 ub.
1280 2269 1379 2321 284.
1396 2266 1538 2319 Ὄμμα
1566 2268 1644 2320 γὰρ

173 2337 328 2390 αἰθέρος
349 2336 550 2388 ἀκάματον
570 2340 802 2390 σελαγεῖται
832 2335 1141 2390 Μαρμαρέαισιν
1169 2338 1214 2378 ἐν
1236 2336 1390 2389 αὐγαῖς,
1412 2334 1528 2392 quod
1560 2350 1646 2375 mo-

175 2404 268 2445 nuit
288 2403 542 2445 Valckenaer.
566 2403 796 2444 Animadv.
819 2403 861 2445 in
881 2406 1081 2446 Ammon.
1103 2420 1146 2461 p.
1169 2405 1235 2459 76.
1270 2404 1504 2445 BLOMF.

234 2485 331 2527 391.
351 2473 613 2524 ὑπερκόμποις
632 2486 785 2513 omnes.
818 2471 930 2512 Dedi
950 2473 1198 2526 ὑπερκόποις,
1221 2480 1263 2513 et
1282 2472 1324 2512 in
1345 2487 1384 2513 v.
1405 2484 1507 2523 404.
1529 2470 1646 2523 ὑπέρ-

177 2556 315 2587 κοπον,
336 2554 469 2595 quum
498 2538 639 2579 nullus
667 2538 721 2580 sit
748 2539 998 2595 tragicorum
1020 2540 1151 2591 locus,
1175 2539 1248 2582 ubi
1273 2539 1445 2581 alteram
1466 2539 1644 2579 formam

179 2616 358 2648 metrum
389 2605 586 2662 requirat,
616 2606 785 2662 quidam
818 2623 916 2649 vero
943 2608 1015 2650 ubi
1046 2617 1229 2665 respuat,
1267 2618 1314 2649 ut
1344 2607 1439 2648 infr.
1476 2623 1517 2648 v·
1540 2619 1647 2661 451.

181 2674 372 2730 Choeph.
406 2686 498 2730 134.
532 2673 723 2729 Sophocl.
756 2674 878 2731 Ajac.
913 2687 1006 2729 127.
1034 2691 1159 2732 quem
1192 2686 1329 2717 tamen
1361 2675 1492 2717 citans
1521 2674 1649 2716 schol.

181 2744 329 2784 Venet.
358 2741 414 2782 ad
447 2740 571 2782 Iliad.
605 2745 650 2782 E.
685 2754 784 2797 449.
821 2742 946 2784 habet
980 2744 1245 2796 ὑπέρκομπον.
1298 2743 1475 2799 Corrigo
1506 2742 1648 2798 igitur,

182 2810 307 2851 unius
327 2807 501 2850 literulae
527 2808 760 2860 omissione,
783 2811 896 2851 Pers.
919 2823 1019 2864 342.
1043 2811 1139 2865 825.
1165 2811 1262 2865 838.
1318 2810 1430 2852 Ibid.
1455 2811 1552 2866 796.
1573 2825 1651 2866 pro

183 2879 272 2922 τοὺς
291 2877 561 2930 ὑπερκόμπους
580 2877 696 2930 ἄγαν,
715 2876 804 2933 lege
821 2892 872 2917 ex
890 2877 1085 2919 Mediceo
1105 2880 1375 2932 ὑπερπῶλους.
1407 2878 1522 2933 [Imo
1535 2879 1653 2930 ὑπερ-

184 2945 390 3000 πόλλους]
420 2944 639 2998 ὑπέρκοπος
659 2943 812 2986 dicitur
833 2954 878 2986 ut
899 2945 1138 2998 παράκοπος.
1202 2945 1339 2987 Serior
1363 2956 1505 2988 tamen
1537 2955 1653 2996 aetas,
1722 2982 1725 2986 ,

184 3023 232 3055 ut
253 3013 431 3064 videtur,
451 3011 623 3054 inseruit
641 3029 694 3065 μς
727 3012 834 3055 dixit
853 3013 961 3054 enim
986 3013 1237 3067 Menander,
1261 3014 1293 3056 si
1322 3014 1446 3056 modo
1473 3013 1540 3055 isti
1569 3013 1653 3055 sint

892 3097 921 3123 Y
946 3094 968 3123 2
