1898 3256
383 234 472 295 AD
504 251 759 295 SEPTEM
791 249 1123 291 ADVERSUS
1155 247 1423 289 THEBAS.
1548 246 1633 286 225

235 377 356 419 1009.
379 366 520 418 εἵργων
539 362 661 405 codd.
682 361 869 420 plerique
887 370 929 403 et
949 359 1060 402 Rob.
1093 361 1249 411 στυγῶν
1268 356 1392 414 pauci
1411 371 1507 398 cum
1530 355 1632 397 Ald.

171 433 315 474 Turn.

234 511 354 541 1010.
378 497 485 553 ἱρῶν]
503 499 616 551 ἱερῶν
635 496 757 538 libri:
789 494 903 552 quod
924 493 1077 536 servari
1095 502 1259 550 poterat
1279 491 1322 533 in
1343 491 1462 533 initio
1478 505 1632 533 versus.

228 566 260 608 δ’
281 566 335 608 ab
353 565 434 607 alia
453 580 506 607 m.
528 565 654 607 habet
675 565 741 606 M.

229 636 344 688 ἱερῶν
370 633 558 690 πατρῴων
585 632 616 674 δ’
638 634 750 676 ὅσιος
773 631 844 687 ὢν]
873 630 984 672 Mira
1013 638 1235 680 structura,
1260 642 1389 685 quam
1420 635 1636 683 utcunque

169 701 350 760 explicat
368 700 598 752 scholiasta,
619 701 751 742 λείπει
770 701 795 752 ἡ
808 698 922 753 ὑπέρ,
937 696 985 740 ἵν’
1006 696 1045 756 ᾗ,
1065 698 1164 750 ὑπὲρ
1181 698 1296 750 ἱερῶν
1311 694 1503 752 πατρῴων
1518 695 1636 738 ὁσίως

168 769 395 826 μαχόμενος
413 768 612 812 ἀπέθανεν
632 767 852 822 ἀμέμπτως.

233 851 356 880 1011.
377 837 516 892 οὗπερ]
542 837 657 878 Fort.
680 837 826 889 ὥσπερ.
858 834 1094 877 BLOMF.

232 917 355 957 1014.
387 903 461 956 ἔξω
490 908 636 956 βαλεῖν
656 904 834 946 ἄθαπτον
853 903 1036 957 ἁρπαγὴν
1055 901 1187 957 κυσὶν]
1211 899 1402 942 Solennis
1427 899 1469 941 in
1494 899 1572 941 hac
1592 915 1637 941 re

170 971 368 1030 loquendi
401 971 582 1013 formula
615 980 718 1022 erat,
751 971 969 1012 inhumata
999 985 1174 1027 corpora
1202 967 1443 1010 volucribus
1468 977 1512 1009 et
1539 967 1638 1009 feris

170 1039 346 1097 relinqui
363 1056 375 1092 ;
412 1040 499 1096 jam
532 1055 583 1080 ex
616 1040 804 1080 Homero
835 1048 946 1080 nota.
980 1039 1114 1079 SCH.
1195 1036 1319 1078 Varie
1348 1035 1428 1077 hoc
1458 1035 1637 1077 efferunt

170 1108 320 1165 reliqui
351 1106 509 1163 tragici.
571 1106 698 1163 Soph.
735 1105 886 1162 Antig.
916 1121 951 1147 v.
988 1119 1093 1148 211:
1129 1106 1201 1146 ἐᾶν
1232 1105 1411 1146 ἄθαπτον
1445 1104 1510 1145 καὶ
1540 1102 1637 1156 πρὸς

169 1178 320 1218 οἰωνῶν
348 1175 469 1227 δέμας
499 1175 563 1216 καὶ
592 1173 688 1227 πρὸς
717 1177 843 1215 κυνῶν
867 1171 1042 1215 ἐδεστόν.
1075 1172 1226 1229 Eurip.
1249 1171 1399 1213 Phoen.
1417 1173 1540 1225 1624.
1572 1172 1634 1212 ἐκ-

167 1243 338 1294 βάλλετ’
358 1243 535 1285 ἄθαπτον
552 1240 662 1293 τῆσδ’
683 1242 788 1295 ὅρων
812 1241 884 1292 ἔξω
911 1239 1070 1295 χθονός.
1093 1255 1133 1282 v.
1154 1240 1276 1282 1628.
1311 1241 1381 1282 ἐᾶν
1410 1240 1637 1281 ἄκλαυστον

168 1311 327 1364 ἄταφον
364 1311 518 1353 οἰωνοῖς
553 1308 698 1363 βοράν.
741 1309 934 1365 Sophocl.
972 1323 1116 1350 rursus
1148 1308 1192 1348 in
1229 1307 1445 1364 Antigone
1480 1322 1520 1348 v.
1554 1317 1634 1361 29:

168 1379 242 1420 ἐᾶν
276 1378 503 1420 ἄκλαυστον
533 1378 690 1431 ἄταφον
723 1379 877 1421 οἰωνοῖς
908 1377 1059 1431 γλυκὺν
1093 1375 1292 1429 θησαυρὸν
1322 1376 1508 1428 εἰσορῶσι
1538 1373 1637 1427 πρὸς

169 1445 287 1500 χάριν
318 1449 457 1499 βορᾶς.
527 1445 656 1488 Unde
685 1445 851 1487 videtur
890 1453 1107 1486 mutuatus
1137 1442 1365 1500 Euripides
1398 1441 1441 1483 in
1486 1440 1635 1498 Suppl.

170 1528 210 1555 v.
229 1513 330 1556 282:
359 1513 411 1566 μὴ
431 1513 607 1568 ἀτάφους
624 1513 807 1567 χάρματα
826 1515 954 1566 θηρῶν
972 1514 1115 1556 παῖδας
1135 1513 1302 1562 κατίδης.
1323 1510 1633 1552 ABRESCH.

234 1592 357 1636 1015.
377 1582 603 1637 Καδμείων]
629 1582 826 1634 Καδμείας
843 1581 900 1622 Α.

233 1650 356 1691 1016.
376 1648 484 1705 δορί]
508 1649 781 1691 Scribendum
802 1648 908 1702 δόρει
926 1648 992 1690 hic
1012 1657 1054 1689 et
1073 1646 1170 1689 alibi
1190 1646 1233 1687 in
1253 1646 1335 1688 fine
1356 1645 1543 1687 trimetri.

235 1730 360 1772 1019.
380 1716 482 1772 ᾔρει]
505 1717 668 1774 Capere
687 1717 858 1759 volebat.

234 1798 356 1828 1020.
377 1786 588 1842 πετεινῶν]
610 1789 789 1838 πετηνῶν
809 1786 873 1826 M.

234 1864 358 1894 1021.
389 1852 567 1908 ταφέντ’]
590 1854 721 1895 Recte
740 1852 846 1894 vidit
868 1866 1100 1909 anonymus
1126 1849 1241 1907 apud
1262 1849 1550 1906 Burgessium,
1569 1847 1631 1890 ὑπ’

170 1923 325 1963 οἰωνῶν
342 1924 514 1975 ταφῆναι
533 1920 637 1962 nihil
655 1920 769 1962 aliud
789 1935 875 1962 esse
895 1934 1022 1977 quam
1043 1919 1215 1960 alitibus
1233 1918 1443 1959 devorari.
1506 1916 1635 1958 Unde

173 1992 296 2042 γῦπες
315 1989 490 2044 ἔμψυχοι
509 1988 630 2044 τάφοι
653 1989 824 2046 Gorgiae
847 1988 1045 2030 dicuntur
1064 1985 1178 2043 apud
1200 1984 1381 2042 Longin.
1405 2002 1446 2026 π.
1466 1985 1503 2026 ὑ.
1529 1985 1569 2038 ξ.
1589 1997 1631 2040 3.

175 2056 248 2098 ubi
266 2056 361 2099 vide
379 2057 547 2099 omnino
567 2057 884 2099 Ruhnkenium.
944 2055 1045 2097 Alia
1070 2054 1262 2111 quaedam
1293 2052 1508 2095 commode
1533 2053 1635 2094 citat

174 2123 380 2166 Abresch.
399 2139 435 2167 e.
454 2141 495 2182 g.
518 2125 672 2167 Achill.
695 2126 795 2167 Tat.
815 2138 855 2181 3.
877 2140 919 2181 p.
942 2125 1032 2179 165.
1064 2132 1211 2164 notans
1243 2120 1490 2178 Sophoclem
1518 2120 1634 2162 volu-

171 2207 262 2234 cres
289 2207 492 2248 canesque
520 2193 671 2247 ταφέας
697 2207 842 2235 vocare
870 2192 1026 2234 Electr.
1043 2191 1164 2243 1488.
1185 2190 1259 2231 ubi
1279 2189 1364 2231 vid.
1384 2188 1572 2231 Brunck.
1592 2198 1634 2230 et

175 2260 398 2316 MusgraV.
419 2270 461 2302 et
481 2261 537 2303 G.
559 2262 715 2318 Cuper.
737 2261 840 2302 Obs.
862 2261 899 2302 I.
920 2260 991 2312 46.
1012 2258 1065 2300 de
1084 2258 1250 2316 populis
1272 2257 1537 2314 quibusdam,
1559 2257 1633 2313 qui

173 2343 296 2369 canes
315 2329 582 2382 ἑνταφιαστᾶς
600 2329 818 2370 vocabant.
851 2327 1083 2369 BLOMF.
1421 2315 1424 2317 Α

237 2408 359 2439 1022.
391 2395 598 2450 τυμβοχόα
635 2397 876 2450 χειρώματα]
926 2394 1101 2436 Tum-uli
1137 2394 1404 2450 aggestiones
1439 2393 1633 2434 manibus

156 2464 306 2518 fictas.
361 2462 491 2504 Nulla
509 2473 570 2505 est
589 2463 765 2519 quaestio
784 2462 838 2504 de
858 2461 1053 2504 libatione
1072 2461 1113 2501 in
1134 2460 1344 2502 tumulum
1365 2460 1631 2510 effundenda,

174 2529 290 2586 quod
319 2539 522 2586 putarunt
553 2530 758 2572 stanleius
787 2539 829 2571 et
859 2528 1092 2570 Schutzius.
1119 2528 1307 2584 Hesych.
1330 2530 1634 2582 Τυμβοχοῆσαι.

176 2600 404 2651 περιχῶσαι.
436 2596 579 2650 θάψαι.
598 2598 704 2639 Lex.
721 2598 818 2639 MS.
836 2612 904 2653 ap.
921 2596 1084 2638 Albert.
1107 2594 1287 2651 explicat
1307 2595 1458 2646 τύμβου
1477 2598 1634 2648 χωοτοῦ

177 2665 354 2716 ἀξιῶσαι.
397 2664 586 2714 Photius‚
622 2669 862 2720 Τυμβοχοεῖ.
894 2663 1043 2706 θάπτει.
1082 2664 1258 2704 Homer.
1291 2661 1412 2703 Iliad.
1446 2667 1497 2704 Φ.
1530 2675 1633 2718 322.

177 2731 270 2773 οὐδέ
294 2748 331 2773 τι
357 2748 425 2783 μιν
453 2733 556 2786 χρεὼ
580 2731 728 2774 Ἔσται
752 2731 1008 2786 τυμβοχοῆσ’,
1040 2731 1107 2773 ὅτε
1135 2747 1202 2783 μιν
1232 2728 1434 2771 θάπτωσιν
1462 2729 1633 2785 Ἀχαιοί.

178 2798 252 2840 ubi
292 2798 428 2840 Schol.
461 2800 566 2842 Ven.
599 2800 668 2842 οὐκ
702 2801 816 2842 ἔσται
854 2801 955 2855 αὐτῷ
991 2801 1107 2854 χρεία
1136 2800 1300 2852 χῶσεως
1333 2796 1476 2849 τάφου.
1539 2797 1632 2839 Vid.

178 2867 355 2908 Auctar.
385 2866 428 2907 in
460 2867 646 2924 Hesych.
678 2867 756 2909 vol.
788 2881 825 2909 2.
857 2883 900 2924 p.
922 2880 1045 2922 1433.
1078 2866 1262 2923 Etymol.
1286 2866 1353 2906 M.
1378 2881 1419 2922 p.
1443 2876 1542 2920 771,
1563 2878 1632 2921 39.

177 2937 418 2989 Τυμβοχοεῖ.
439 2933 578 2976 θάπτει
596 2938 737 2991 χωστῷ
758 2933 882 2991 τάφῳ.
903 2950 988 2991 quo
1009 2949 1128 2975 sensu
1149 2933 1319 2991 ponitur
1338 2949 1406 2990 ap.
1428 2934 1633 2976 Herodot.

179 3011 222 3055 7,
236 3014 251 3042 1
261 3012 325 3056 17.
354 3001 468 3044 Hinc
484 3002 610 3055 ἕργμα
623 3002 908 3058 τυμβόχωστον
922 3002 1112 3060 Sophocl.
1126 3002 1271 3059 Antig.
1289 3002 1383 3054 848.
1403 3003 1633 3044 BLOMF.

876 3085 902 3112 r
922 3071 945 3112 f
