1898 3256
655 236 744 276 AD
777 235 1027 277 PERSAS.
1490 235 1577 276 231.

113 351 299 393 vcctioris
315 350 447 392 aetatis
462 360 563 392 erat.
626 349 812 390 Nuntius
841 363 923 389 non
944 363 994 389 ex
1017 362 1160 389 eorum
1183 362 1358 388 numero
1377 357 1453 398 est,
1473 364 1579 404 quos

116 421 300 461 Xerxem
324 434 397 475 per
415 426 528 459 certa
547 417 769 458 stationum
801 415 1015 457 intervalla
1045 414 1296 471 disposuisse
1326 415 1466 457 scribit
1489 417 1578 457 He-

112 487 296 536 rodotus,
318 487 388 528 sed
419 486 506 543 ipse
530 499 664 526 rerum
696 495 905 540 gestarum
938 482 1062 524 testis.
1125 483 1281 524 Darius
1308 494 1447 524 autem
1482 485 1577 541 Hy-

113 555 260 611 staspis
290 554 400 596 filius
431 554 618 610 quinque
652 552 769 593 annis
803 562 899 593 ante
932 552 1154 592 Persarum
1188 550 1346 592 cladem
1388 561 1579 594 mortuus

114 633 214 664 erat.
278 622 385 679 Ejus
407 622 594 663 umbram
617 620 670 662 ab
690 619 831 661 inferis
846 629 1056 661 evocatam
1081 619 1382 674 spectatoribus
1398 620 1580 662 ostendit

115 691 297 747 tragicus
329 699 480 740 noster,
513 689 554 731 in
593 704 679 745 quo
713 702 808 729 eum
844 687 900 729 ob
928 701 1169 743 generosam
1205 701 1313 727 nova
1344 686 1579 731 inveniendi

115 758 330 799 audaciam
345 757 432 814 jam
454 756 614 813 antiqui
635 756 854 812 scriptores
873 754 1058 796 laudant.
1097 754 1272 795 Xerxen
1294 753 1476 811 denique
1495 770 1578 798 non

116 826 264 878 solum,
292 826 363 867 sed
393 824 685 867 comitantibus
715 824 821 865 forte
848 822 992 880 paucis
1019 822 1196 872 asseclis,
1223 823 1350 864 mutis
1379 824 1579 880 personis,

115 908 275 935 scenam
306 893 535 949 ingressum
556 907 643 933 esse
671 891 858 948 conjicio.
914 890 1073 946 Agitur
1102 901 1241 931 autem
1269 890 1414 932 fabula
1446 891 1580 942 Susis,

115 972 211 1003 ante
243 960 375 1017 regias
413 960 547 1008 aedes;
590 975 695 1016 quas
733 975 757 1001 a
791 959 940 1000 dextro
973 967 1047 999 aut
1082 957 1245 999 sinistro
1282 958 1406 1000 latere
1446 975 1580 1003 scenae

117 1038 428 1085 repraesentatas
457 1028 598 1080 fuisse,
619 1023 814 1069 credibile
843 1036 919 1078 est,
942 1026 1000 1068 ita
1032 1036 1078 1068 ut
1109 1042 1133 1067 a
1161 1026 1317 1083 postica
1345 1027 1435 1084 ejus
1461 1038 1580 1084 parte

117 1096 236 1138 Darii
254 1095 489 1153 sepulcrum
512 1095 810 1153 spectatoribus
830 1094 1127 1136 ostenderetur.

173 1164 269 1205 Diei
310 1174 475 1221 tempus
523 1163 714 1220 nuspiam
762 1162 805 1203 in
851 1162 927 1205 hac
965 1162 1167 1219 tragoedia
1204 1162 1356 1204 diserte
1395 1173 1578 1207 notatur.

115 1231 306 1274 Aetionis
340 1242 476 1273 tamen
515 1231 678 1272 initium
713 1239 810 1272 ante
848 1231 1061 1272 meridiem
1095 1230 1194 1287 poni
1228 1230 1326 1271 inde
1356 1230 1578 1288 colligitur,

114 1299 228 1355 quod
250 1301 405 1342 Atossa
425 1299 571 1341 somnii
591 1299 705 1356 quod
727 1300 939 1355 superiore
964 1309 1084 1342 nocte
1104 1298 1278 1348 viderat,
1301 1298 1577 1341 narrationem

115 1381 196 1408 non
219 1366 384 1408 videtur
403 1367 444 1407 in
467 1367 833 1423 postmeridianum
856 1378 1022 1422 tempus
1041 1365 1261 1408 distulisse.

171 1436 343 1476 Scenam
373 1434 536 1477 aedibus
565 1450 614 1476 ac
645 1434 764 1476 Darii
798 1445 1068 1476 monumento
1094 1434 1330 1476 decoratam
1361 1435 1490 1477 fuisse
1514 1452 1580 1479 res

111 1502 201 1559 ipsa
219 1502 353 1545 docet.
415 1504 605 1554 Quonam
628 1517 726 1543 vero
753 1502 959 1544 schemate
978 1502 1208 1559 AEschylus
1238 1518 1339 1545 usus
1367 1503 1493 1546 fuerit
1523 1504 1579 1547 ad

111 1570 350 1612 histrionem
386 1570 460 1626 qui
500 1570 620 1613 Darii
661 1570 850 1611 umbram
891 1569 1147 1620 imitabatur,
1183 1570 1459 1623 vestiendum,
1493 1588 1576 1616 non

111 1648 281 1680 constat.
344 1637 459 1679 Illud
490 1648 649 1679 certum
680 1649 756 1689 est,
777 1653 872 1680 eum
903 1637 1049 1679 habitu
1075 1654 1245 1695 quoque
1275 1640 1425 1696 spectri
1446 1656 1578 1696 quan·

111 1706 207 1748 dam
239 1706 547 1748 similitudinem
583 1722 670 1763 prae
705 1722 748 1748 se
782 1706 938 1748 tulisse.
999 1706 1208 1747 Machinis
1241 1722 1410 1763 quoque
1439 1708 1581 1750 locum

111 1774 237 1815 fuisse
256 1774 443 1831 conjicio,
464 1774 619 1830 quibus
640 1774 908 1816 extolleretur
930 1773 1048 1814 Darii
1070 1789 1258 1830 persona,
1274 1790 1367 1816 cum
1391 1788 1579 1832 surgeret

113 1843 166 1884 ab
184 1842 340 1893 inferis,
362 1857 411 1884 ac
431 1842 485 1883 ad
505 1842 669 1883 eosdem
691 1841 866 1892 rediens,
890 1842 1203 1898 deprimeretur.
1237 1843 1353 1884 SCH
1364 1845 1548 1888 UETZ.

171 1911 237 1951 De
260 1920 443 1966 tempore
473 1909 602 1966 hujus
622 1909 838 1966 tragoediae
858 1910 1033 1966 ejusque
1052 1910 1105 1951 ad
1137 1911 1366 1967 Phrynichi
1389 1913 1579 1955 Phoenis-

113 1993 177 2019 sas
205 1977 434 2020 rationibus
463 1978 618 2034 optime
651 1977 844 2019 disseruit
880 1977 1154 2019 Blomfieldus
1182 1978 1223 2019 in
1252 1979 1498 2035 praefatione
1524 1982 1579 2024 ad

114 2047 336 2087 Persarum
357 2045 606 2087 editionem:
639 2045 760 2101 cujus
780 2045 1074 2101 disputationis
1098 2061 1302 2088 summam
1325 2063 1399 2090 nos
1427 2050 1579 2105 partim

114 2113 349 2155 Blomfieldi
370 2113 520 2170 partim
542 2113 691 2155 nostris
713 2123 875 2154 utentes
895 2113 1030 2155 verbis
1050 2113 1306 2156 exhibemus.

172 2181 377 2222 Salamine
406 2191 639 2238 pugnatum
659 2189 720 2222 est
740 2180 896 2238 olymp.
921 2191 989 2236 75,
1015 2195 1049 2222 1.
1091 2182 1294 2238 Ejusdem
1316 2183 1580 2241 Olympiadis

112 2264 222 2291 anno
251 2249 383 2300 tertio,
417 2249 685 2306 Phrynichus
715 2248 959 2305 tragoediam
988 2249 1169 2291 Athenis
1199 2250 1354 2302 docuit,
1381 2252 1577 2309 vicitque,

114 2316 395 2359 Themistocle
421 2317 614 2373 chorego,
646 2327 824 2373 praetore
856 2316 1101 2359 Adimanto.
1165 2320 1254 2361 Nec
1284 2320 1461 2362 dubium
1492 2337 1579 2363 esse

110 2394 262 2440 potest,
284 2385 385 2440 quin
405 2384 634 2426 Phoenissae
649 2384 777 2426 fuerit
796 2384 875 2426 ista
889 2400 975 2440 qua
991 2385 1088 2427 vicit
1104 2386 1270 2428 fabula:
1296 2393 1323 2412 “
1337 2389 1451 2444 quod
1468 2391 1579 2432 enim

112 2451 251 2508 aptius
283 2461 576 2508 argumentum
611 2451 785 2492 inveniri
821 2462 998 2507 poterat,
1033 2462 1075 2493 et
1115 2453 1282 2494 uberius
1313 2455 1367 2495 ad
1404 2455 1578 2511 gloriam

115 2519 422 2569 Themistoclis,
453 2534 578 2575 quam
611 2518 750 2560 clades
784 2518 957 2569 Xerxis,
988 2519 1029 2560 in
1066 2535 1152 2575 qua
1186 2530 1300 2562 tanta
1334 2522 1425 2577 ejus
1454 2538 1580 2579 opera

112 2586 336 2628 fuerata?''
369 2588 464 2627 Hoc
493 2596 632 2627 autem
663 2585 790 2627 fuisse
810 2586 1120 2627 Phoenissarum
1147 2599 1439 2644 argumentum
1460 2590 1579 2632 disci,

113 2669 208 2695 mus
227 2669 279 2694 ex
299 2664 466 2695 auctore
487 2653 721 2710 argumenti
748 2653 801 2695 ad
832 2655 995 2703 Persas,
1017 2655 1089 2711 qui
1110 2655 1210 2697 citat
1231 2656 1442 2699 Glaucum
1465 2658 1579 2700 Rhe—

113 2721 258 2778 ginum
280 2723 325 2762 ἐν
344 2726 427 2765 τοῖς
446 2723 536 2774 περὶ
556 2723 766 2776 Αἰσχύλου
783 2723 928 2774 μύθων.
962 2723 1189 2780 Prologum
1212 2726 1426 2781 tragoediae
1443 2727 1579 2784 Phry-

115 2788 271 2830 nicheae
304 2788 455 2844 agebat
489 2789 720 2838 eunuchus,
752 2789 840 2845 qui,
872 2789 973 2831 dum
1009 2793 1229 2833 Persarum
1270 2793 1580 2850 magistratibus

234 2950 251 2967 a
269 2942 407 2975 Bentleii
424 2944 554 2975 Dissert.
572 2945 611 2976 de
628 2945 756 2977 Phalar.
773 2957 812 2978 ex
829 2946 974 2978 versione
991 2946 1147 2987 Lennepii
1161 2959 1194 2988 p.
1206 2957 1277 2990 293.
1295 2950 1344 2980 ed.
1362 2959 1373 2979 ι
1384 2951 1456 2990 781.
