1898 3256
552 211 642 252 AD
673 208 1155 252 PROMETHEUM.
1534 212 1591 256 29

121 324 216 367 Vid.
240 324 391 366 Plotin.
414 322 605 366 Ennead.
627 336 670 375 4.
691 336 734 378 3,
754 337 792 363 c.
820 333 886 373 14,
911 319 1063 362 Suidas
1090 320 1133 361 in
1165 321 1412 373 Προμηθεὺς,
1441 320 1590 363 Eudo-

117 394 192 436 c-iae
211 393 344 435 Ἰωυιᾶ
361 392 403 434 in
420 407 513 448 cap.
533 390 587 433 de
606 389 870 432 Prometheo.

177 459 431 502 Pausaniasd
459 458 575 516 apud
606 460 873 514 Panopenses
902 457 944 498 in
975 457 1066 514 ipsa
1087 457 1155 498 via
1185 473 1208 499 e
1237 457 1371 500 crudo
1390 456 1591 500 laterculo

118 528 282 585 signum
304 527 409 570 vidit
429 543 452 569 e
467 526 605 583 lapide
625 525 855 576 Pentelico,
871 525 986 582 quod
1001 524 1174 582 quidam
1192 524 1503 582 AEsculapium,
1521 525 1590 567 alii

119 596 415 638 Prometheum
437 610 525 636 esse
544 594 752 636 dicebant.
783 593 893 649 Ejus
914 593 972 635 rei
993 593 1226 636 testimonia
1241 609 1285 636 se
1299 593 1452 636 habere
1466 603 1590 651 puta-

117 666 230 716 bant,
252 664 366 721 quod
386 664 440 705 ad
460 673 697 721 praeruptas
716 663 909 705 torrentis
929 661 1040 718 ripas
1070 677 1169 704 saxa
1191 662 1387 719 jacebant
1406 678 1455 704 ea
1474 677 1590 719 mag-

117 733 321 785 nitudine,
336 742 385 774 ut
401 732 564 789 singula
584 733 819 789 plaustrum
839 746 1011 773 onerare
1030 741 1215 788 possent.
1263 731 1391 774 Color
1410 730 1491 773 iilis
1505 747 1588 773 non

118 801 270 843 terreni
292 801 386 852 luti,
404 802 474 843 sed
495 800 631 858 qualis
648 801 689 842 in
706 799 853 842 sabulo
867 799 1053 841 rivorum
1070 809 1112 841 et
1128 799 1376 841 torrentium
1392 800 1590 857 cernitur.

118 869 302 911 Odorem
322 869 445 911 etiam
467 869 639 910 humani
660 884 791 926 prope
809 868 994 925 corporis
1019 867 1248 910 incolarum
1270 867 1464 925 opinione
1485 869 1590 911 refe-

117 938 263 979 rebant
278 956 288 986 ;
320 936 516 994 reliquias
544 953 613 979 eas
642 953 729 979 esse
758 937 925 979 aiebant
948 936 1026 978 luti
1052 935 1179 988 illius,
1201 952 1224 978 e
1243 952 1330 993 quo
1349 952 1483 993 genus
1509 937 1588 979 hu-

118 1020 287 1047 manum
309 1005 589 1047 Prometheus
607 1005 788 1047 finxerit.

175 1072 360 1122 Tabula,
379 1072 423 1114 in
444 1088 530 1129 qua
549 1073 825 1116 Prometheus
843 1074 1009 1116 vinctus
1027 1087 1125 1115 cum
1147 1072 1335 1115 Hercule
1364 1087 1463 1115 mox
1490 1089 1587 1116 eum

117 1141 344 1183 liberaturo
362 1141 500 1197 pictus
521 1151 625 1192 erat,
647 1141 813 1198 qualem
833 1141 958 1184 etiam
980 1141 1208 1183 Pausanias
1227 1141 1271 1182 in
1292 1141 1448 1198 templo
1466 1143 1498 1182 J
1500 1142 1590 1184 ovis

119 1208 308 1266 Olympii
337 1208 498 1250 viderat
526 1220 571 1264 5,
599 1222 662 1260 10,
685 1211 724 1251 6.
756 1209 989 1253 luculenter
1018 1209 1268 1251 describitur
1296 1209 1411 1266 apud
1440 1209 1588 1252 Achil-

119 1278 199 1319 lem
222 1277 396 1319 Tatium
418 1291 460 1333 3,
486 1278 524 1318 8.

175 1347 326 1397 Locus,
350 1346 421 1387 ubi
440 1346 482 1387 in
505 1347 582 1388 hac
602 1346 806 1403 tragoedia
825 1346 1103 1389 Prometheus
1123 1345 1272 1388 affixus
1292 1361 1380 1387 esse
1399 1346 1586 1403 fingitur,

117 1414 219 1457 citra
247 1414 424 1456 dubium
455 1424 517 1456 est
546 1430 671 1472 rupes
702 1415 921 1471 Scythica;
950 1425 992 1458 et
1026 1425 1136 1457 recte
1170 1415 1341 1472 quidem
1381 1415 1589 1457 Stanleius

116 1482 350 1525 observavit
368 1482 542 1539 intelligi
565 1483 775 1540 Scythiam
798 1485 1067 1541 Europaeam,
1089 1499 1186 1540 quae
1216 1483 1270 1525 ab
1293 1485 1405 1525 Istro
1423 1483 1478 1525 ad
1501 1485 1587 1526 Ta-

117 1551 227 1592 naim
247 1550 497 1608 pertinebat.
543 1551 757 1608 Scythiam
778 1562 922 1609 aperte
939 1552 1171 1609 AEschylus
1191 1552 1382 1609 designat
1405 1567 1523 1594 versu
1548 1565 1587 1595 2.

119 1619 284 1662 Clarius
312 1620 435 1662 etiam
466 1635 613 1671 scenae,
631 1620 674 1662 in
695 1636 781 1677 qua
810 1621 954 1664 fabula
983 1622 1157 1679 geritur,
1180 1621 1368 1663 notitiam
1390 1621 1588 1664 informat

118 1703 157 1730 v.
187 1700 286 1743 415.
329 1689 403 1730 ubi
438 1689 563 1732 vicini
598 1689 859 1731 Prometheis
894 1690 1073 1747 scopulis
1110 1690 1310 1732 dicuntur
1349 1689 1512 1739 Colchi,
1545 1700 1588 1732 et

121 1756 290 1813 Scythae
323 1757 431 1799 circa
468 1758 665 1815 paludem
708 1758 969 1800 Maeotidem.
1025 1757 1255 1814 AEschylus
1288 1757 1430 1814 itaque
1464 1758 1587 1801 finxit

120 1826 416 1867 Prometheum
439 1827 492 1868 ad
514 1841 661 1883 rupem
683 1825 894 1882 quandam
915 1827 956 1868 in
977 1826 1152 1868 desertis
1183 1826 1367 1882 Scythiae
1397 1827 1587 1883 partibus

118 1891 290 1935 affixum
319 1893 462 1945 fuisse,
490 1893 548 1935 ita
577 1893 745 1951 quidem
778 1902 827 1935 ut
854 1893 959 1935 facie
985 1908 1129 1935 versus
1150 1892 1417 1934 Occidentem
1449 1894 1586 1936 hiber-

119 1975 220 2002 num
241 1976 463 2003 conversus
491 1971 598 2003 esset
617 1970 657 2003 et
679 1963 863 2003 Pontum
885 1962 1104 2004 Euxinum
1135 1961 1177 2002 in
1208 1970 1429 2018 prospectu
1463 1962 1586 2004 habe-

118 2038 193 2070 ret.
256 2030 367 2071 Nam
397 2045 494 2071 eum
524 2029 637 2071 haud
669 2031 816 2087 procul
845 2045 870 2071 a
898 2030 1002 2071 mari
1033 2030 1252 2087 alligatum
1276 2030 1404 2072 fuisse
1435 2031 1586 2074 exinde

117 2107 248 2154 patet,
268 2097 382 2154 quod
414 2099 493 2140 sub
522 2099 645 2140 finem
677 2098 833 2140 fabulae
862 2098 951 2155 ipse
979 2099 1036 2140 ait
1060 2115 1102 2140 se
1122 2099 1264 2140 videre
1283 2101 1434 2141 coelum
1455 2111 1586 2157 ponto

119 2164 291 2216 misceri,
313 2166 616 2220 ξυντετάρακται
634 2166 747 2219 αἰθὴρ
767 2167 914 2222 πόντῳ,
931 2167 1064 2222 quod,
1081 2167 1159 2209 nisi
1179 2183 1202 2209 e
1218 2167 1324 2219 loco,
1346 2168 1418 2210 ubi
1435 2168 1585 2211 affixus

117 2243 219 2283 erat,
240 2233 282 2274 in
304 2249 416 2276 mare
447 2234 680 2292 prospicere
709 2234 901 2285 licuisset,
925 2235 1071 2292 utique
1087 2235 1222 2278 dicere
1252 2252 1334 2278 non
1365 2238 1583 2294 potuisset.

119 2301 164 2343 Si
194 2317 292 2343 vero
320 2301 409 2343 aliis
441 2302 572 2359 magis
605 2302 768 2360 placeat
799 2317 959 2344 scenam
997 2304 1239 2346 Promethei
1279 2305 1405 2347 vincti
1440 2322 1586 2349 versus

119 2370 332 2411 Oceanum
353 2385 477 2427 quem
512 2370 755 2427 Scythicum
787 2379 943 2412 veteres
962 2372 1243 2429 appellabant,
1261 2389 1309 2415 ac
1337 2373 1511 2416 fortasse
1540 2375 1582 2416 in

117 2440 401 2495 promontorio
432 2441 642 2497 Scythico,
664 2443 785 2497 cujus
814 2442 880 2483 hic
908 2440 965 2482 ibi
995 2441 1245 2483 mentionem
1276 2442 1435 2484 faciunt
1466 2446 1524 2498 (v.
1546 2459 1581 2485 c.

119 2506 229 2548 Plin.
251 2507 364 2549 Hist.
388 2509 486 2549 Nat.
508 2508 578 2550 lib.
600 2511 638 2550 6.
660 2525 695 2551 c.
718 2512 823 2564 20.),
854 2524 1022 2566 ponere,
1053 2509 1304 2566 pertinacius
1333 2525 1400 2551 me
1429 2526 1582 2567 repug-

118 2586 284 2617 nantem
306 2591 390 2617 non
411 2576 639 2618 habebunt.
699 2578 796 2619 Hoc
818 2593 915 2619 vero
930 2577 1202 2619 certissimum
1223 2578 1414 2630 arbitror,
1437 2579 1580 2619 falsam

118 2659 205 2684 esse
238 2659 380 2685 eorum
411 2643 661 2699 opinionem,
697 2645 769 2701 qui
805 2656 957 2702 putant
990 2645 1032 2687 in
1067 2646 1146 2687 hac
1178 2645 1323 2687 fabula
1358 2661 1408 2687 ex
1443 2657 1582 2688 mente

117 2722 253 2767 poetae
284 2711 580 2754 Prometheum
609 2713 663 2754 ad
686 2714 921 2755 Caucasum
950 2714 1167 2770 religatum
1199 2714 1339 2764 fuisse,
1359 2723 1401 2756 et
1429 2714 1470 2756 in
1502 2714 1582 2756 hoc

119 2789 259 2821 monte
279 2795 416 2821 veram
437 2779 636 2821 dramatis
665 2795 826 2822 scenam
857 2797 944 2823 esse
971 2781 1252 2837 quaerendam.
1314 2782 1367 2823 Id
1398 2782 1581 2839 primum

120 2847 321 2889 refellitur
350 2847 471 2890 docta
500 2849 758 2904 grammatici
788 2849 1087 2900 observatione,
1109 2849 1183 2906 qui
1211 2849 1265 2891 ad
1293 2865 1399 2891 vers.
1427 2863 1463 2891 1.
1492 2851 1582 2892 haec

119 2915 356 2958 adnotavit:
391 2914 525 2958 ἰστέον
554 2918 597 2958 δὲ
625 2917 687 2958 ὅτι
714 2918 760 2959 οὐ
788 2919 885 2959 κατὰ
915 2916 984 2958 τὸν
1017 2917 1150 2959 κοινὸν
1173 2919 1300 2971 λόγον
1320 2919 1365 2960 ἐν
1385 2917 1582 2974 Καυκάσῳ

796 3003 814 3027 d
836 3012 884 3041 10,
902 3014 933 3041 4.
