1898 3256
324 242 380 281 48
796 243 1290 283 ANNOTATIONES

383 363 475 405 219.
507 351 569 406 δὲ]
591 367 634 391 τε
653 360 850 405 quattuor
869 352 1039 392 codices.
1089 353 1157 392 Ex
1189 352 1356 393 totidem
1378 351 1587 392 codicibus
1614 357 1763 404 μελαμ-

323 415 450 467 βαθής
480 417 726 458 restitutum.
785 417 975 459 Aliorum
1007 419 1201 459 librorum
1229 419 1472 474 corruptelae
1502 429 1595 459 sunt
1615 424 1762 470 μελαμμ

324 483 463 534 βαθὺς,
499 483 611 537 quod
651 493 711 523 est
751 484 792 524 in
825 485 958 525 Turn.
993 485 1149 540 steph„
1192 485 1455 537 μελεμβαθὴς,
1496 485 1759 537 μελεμβαθὺς,

324 549 600 602 μελαμβαφὴς,
622 551 894 603 μελεμβαφής.
1766 571 1768 573 ·

381 614 584 667 Ταρτάρου
602 617 860 667 μελαμβαθὴς
880 618 1053 668 κευθμὼν
1074 619 1274 672 καλύπτει]
1310 619 1439 659 Recte
1471 617 1673 658 Stanleius
1691 617 1763 657 ob-

327 691 458 722 servat
488 692 670 722 nostrum
703 684 888 723 Homero
913 683 1109 732 assentiri,
1129 684 1201 738 qui
1222 684 1394 725 Titanas
1422 684 1517 725 item
1548 684 1587 723 in
1611 685 1762 723 Tarta-

326 762 418 788 rum
449 747 627 803 dejectos
652 763 737 788 esse
767 749 952 804 perhibet
986 749 1122 802 (Iliad.
1157 754 1209 799 Θ,
1235 751 1349 803 480.)
1403 750 1483 790 Sed
1515 749 1764 805 praeiverunt

327 829 493 869 quoque
525 815 734 855 Hesiodus
758 816 939 870 (Tbeog.
964 831 999 857 v.
1022 818 1103 869 716
1124 818 1248 871 sqq.),
1270 827 1310 858 et
1330 816 1633 872 quodammodo
1663 815 1762 856 Pin-

327 880 451 920 darus
476 880 617 936 (Pyth.
655 895 690 930 1,
724 884 826 935 29.).
866 882 1119 933 μελαμβαθὺς
1154 882 1384 938 appellatur
1415 884 1630 932 Tartarus,
1667 881 1765 937 quia

328 946 448 987 simul
468 956 509 986 et
528 946 759 1002 profundus
778 956 820 988 et
841 948 1114 988 tenebricosus
1132 958 1207 989 est.
1254 950 1462 990 Homerus
1481 949 1509 990 l.
1529 949 1557 990 l.

665 1034 712 1075 ἵν’
733 1034 907 1079 Ἰαπετός
925 1053 967 1077 τε
988 1038 1138 1089 Κρόνος
1157 1054 1211 1087 τε,

439 1102 587 1152 ἥμενοι,
608 1100 685 1142 οὔτ’
708 1102 827 1154 αὐγῆς
845 1101 1071 1155 ’Ὑπερίονος
1090 1104 1252 1154 ἠελίοιο,

441 1166 614 1219 τέρποντ’
636 1167 711 1208 οὔτ’
734 1167 926 1220 ἀνέμοισι,
946 1170 1070 1220 βαθὺς
1089 1169 1131 1210 δέ
1151 1187 1194 1211 τε
1213 1169 1412 1223 Τάρταρος
1433 1171 1565 1224 ἀμφίς.
1631 1173 1763 1212 SCH.

387 1290 482 1331 223.
515 1277 771 1332 ἐξημείψατο]
803 1278 1069 1330 ἆντημείψατο
1098 1278 1256 1318 codices
1277 1279 1443 1319 Arund.
1465 1290 1506 1321 et
1526 1281 1764 1335 Cantabrig.

330 1343 542 1392 secundus,
574 1343 686 1398 quod
720 1343 867 1399 recepi.
919 1343 1143 1398 AEschylus
1179 1346 1292 1400 Sept.
1326 1358 1444 1398 1049.
1479 1347 1614 1386 παθὼν
1644 1351 1766 1389 κακῶς

332 1414 505 1451 κακοῖσιν
535 1411 802 1460 ἀντημείβετο.
850 1410 1037 1465 Choepb.
1070 1423 1161 1451 121.
1193 1411 1262 1451 τὸν
1293 1412 1435 1464 ἐχθρὸν
1463 1413 1767 1463 ἀνταμείβεσθαι

332 1481 472 1519 κακοῖς.
505 1477 729 1517 BLOMF.
781 1476 904 1516 Verbi
927 1478 1203 1527 ἐξαμείβεσθαι
1230 1476 1305 1517 hoc
1326 1492 1443 1517 sensu
1464 1478 1560 1518 dicti
1581 1478 1767 1534 exempla

331 1543 629 1584 desideramus:
665 1553 711 1582 ut
733 1553 840 1583 recte
859 1552 1066 1597 receptum
1088 1543 1276 1583 videatur
1297 1545 1574 1596 ἇντημείψατο.

391 1611 485 1651 226.
517 1608 692 1664 ἐρωτᾶτ’]
717 1608 850 1649 Codd.
874 1609 1029 1664 aliquot
1050 1609 1214 1662 ἐρωτᾶτέ
1234 1609 1270 1661 μ’
1292 1626 1383 1651 cum
1406 1611 1506 1651 Ald.
1528 1610 1590 1651 vel
1612 1610 1764 1663 ἐρωτᾶτ’

334 1676 389 1728 ἔμ’
411 1690 502 1716 cum
527 1675 636 1715 Rob.

390 1754 485 1796 230.
529 1742 817 1795 διεστοιχίζετο]
863 1741 1109 1796 HesychiuS,
1154 1745 1449 1796 διεστοιχίζετοε
1500 1744 1683 1783 διετίθετο
1724 1744 1768 1783 ἐν

332 1810 476 1863 στοίχῳ
508 1809 570 1848 καὶ
599 1808 716 1858 τάξει·
744 1807 875 1860 διῄρει.
907 1808 982 1848 ἀπὸ
1007 1813 1084 1848 τῶν
1105 1811 1159 1852 εἷς
1187 1809 1275 1852 τοὺς
1295 1810 1434 1860 σηκοὺς
1464 1811 1702 1860 εἰσαγόντων
1719 1811 1768 1850 τὰ

331 1877 501 1927 ποίμνια,
526 1876 587 1915 καὶ
607 1876 879 1927 διακρινόντων
901 1876 942 1915 ἐκ
962 1877 1027 1925 τῆς
1048 1878 1164 1926 νομῆς
1185 1874 1333 1930 ἑκάστῳ
1353 1878 1400 1916 τὰ
1419 1878 1510 1917 ἴδια.

388 1953 482 1995 233.
503 1942 681 1994 φιτῦσαι]
709 1941 822 1980 Libri
843 1940 1011 1995 quidam
1033 1944 1233 1993 φυτεῦσαι7
1255 1941 1321 1981 alii
1344 1945 1526 1993 φυτῆσαι.

389 2019 483 2060 234.
523 2006 670 2061 τοῖσιν]
714 2007 807 2046 Imo
842 2006 991 2047 τοισίδ’.
1047 2007 1206 2047 Passim
1246 2017 1533 2062 permutantur
1569 2011 1695 2047 τοῖσιν
1728 2014 1769 2047 et

332 2072 483 2114 τοισίδ’.
514 2072 661 2127 Eurip.
680 2072 798 2112 Med.
817 2085 935 2126 1294.
951 2071 1037 2125 ⁴'Ap’
1056 2075 1098 2113 ἐν
1119 2074 1294 2124 δόμοισιν
1311 2075 1334 2124 ἡ
1354 2076 1402 2114 τὰ
1422 2073 1512 2114 δείν’
1535 2071 1769 2125 εἰργασμένη

334 2139 488 2189 Μήδεια
516 2138 666 2187 τοισίδ’,
686 2137 710 2189 ἢ
729 2137 968 2189 μεθέστηκεν
988 2141 1119 2191 φυγῇ;
1152 2139 1223 2179 ubi
1252 2143 1380 2180 τοῖσιν
1409 2139 1559 2180 habent
1583 2139 1770 2179 Lascaris

334 2215 375 2246 et
394 2204 549 2254 Aldus,
570 2204 704 2245 τοῖσδέ
732 2203 767 2256 γ’
791 2204 909 2244 codd.
933 2213 978 2244 ut
998 2204 1174 2254 videtur,
1196 2204 1391 2245 meliores.
1451 2205 1569 2245 Idem
1601 2205 1768 2246 Heracl.

339 2273 430 2322 146.
452 2270 524 2311 Ἐν
543 2270 678 2310 τοισίδ’
700 2271 828 2313 αὐτοῖς
856 2274 984 2310 τοῖσιν
1015 2261 1183 2321 ἕσταμεν
1210 2272 1358 2323 λόγοις.
1420 2271 1703 2319 Scribendum,
1727 2273 1771 2312 ἐν

334 2342 461 2379 τοῖσιν
481 2337 610 2379 αὐτοῖς
629 2336 764 2376 τοισίδ’
789 2345 839 2376 ut³
853 2337 966 2390 apud
988 2335 1111 2391 Soph.
1133 2337 1239 2376 Ant.
1261 2338 1382 2390 1076.
1404 2336 1477 2378 Ἐν
1496 2342 1622 2378 τοῖσιν
1642 2338 1771 2380 αὐτοῖς

335 2407 467 2445 τοῖσδε
486 2405 683 2455 ληφθῆναι
714 2406 852 2444 κακοῖς.
884 2403 1034 2442 ELM.
1094 2403 1224 2443 Recte
1244 2402 1479 2454 Elmsleius,
1499 2403 1618 2459 cujus
1637 2419 1772 2444 exem-

336 2469 414 2526 plis
442 2468 548 2509 adde
577 2469 726 2523 Eurip.
749 2467 880 2523 Hipp.
901 2482 998 2519 400.
1026 2481 1146 2523 1393.
1169 2468 1326 2509 Alcest.
1353 2482 1443 2522 199.
1477 2470 1571 2525 Iph.
1596 2471 1652 2510 T.
1676 2482 1768 2523 747.

337 2536 484 2577 Eidem
518 2534 662 2590 Suppl.
696 2546 790 2587 207.
826 2534 922 2587 πρὸς
956 2536 999 2575 δὲ
1034 2540 1165 2577 τοῖσδε
1194 2536 1370 2577 restituit
1401 2536 1669 2577 Blomfieldus
1696 2552 1772 2593 pro

336 2603 431 2655 πρὸς
452 2603 494 2642 δὲ
513 2606 628 2642 τοῖσι.

397 2682 445 2723 23
450 2680 490 2722 5.
522 2667 553 2708 δ’
586 2666 768 2718 ἐτόλμησ’
801 2668 848 2707 F.
893 2669 936 2708 δὲ
965 2670 1126 2720 τόλμησ’
1151 2670 1217 2709 Μ.
1270 2669 1558 2710 Recentiorum
1585 2670 1769 2711 codicum

337 2733 671 2790 interpolationes
700 2742 796 2774 sunt
826 2735 867 2774 δὲ
898 2736 1053 2786 τόλμης,
1075 2736 1187 2790 quod
1206 2745 1266 2776 est
1290 2735 1330 2775 in
1353 2735 1451 2776 Ald.
1473 2736 1596 2783 Rob.,
1618 2738 1660 2776 δὲ
1679 2742 1771 2776 τολ-

335 2805 419 2853 μῆς,
451 2800 564 2856 quod
596 2801 720 2841 habet
751 2802 902 2850 Turn„
934 2800 963 2842 δ’
991 2803 1012 2841 ὁ
1036 2805 1192 2853 τολμῆς,
1225 2800 1254 2842 δ’
1283 2804 1304 2842 ὁ
1329 2803 1483 2854 τόλμης.
1537 2801 1770 2851 Scholiasta,

675 2866 883 2883 '''''

338 2935 400 2975 καὶ
418 2936 561 2985 τολμῆς
581 2932 693 2981 εἶναι,
714 2934 764 2975 ὡς
782 2933 927 2984 τιμήεις
948 2937 1071 2984 τιμῆς.
