1898 3256
672 248 761 289 AD
793 245 1047 288 PERSAS.
1509 241 1596 286 293

184 360 492 415 στρατευμάτοιν
512 360 625 401 A-B.
647 368 689 400 et
717 357 840 415 pauci
859 356 942 398 alii.
987 355 1291 410 στρατευμάτων
1312 354 1423 396 Rob.
1474 353 1595 395 Reli-

126 444 305 486 quorum
335 427 537 470 librorum
558 427 659 469 vitia
679 435 777 468 sunt
796 425 862 467 vel
884 423 1186 478 στρατηλάτοιν,
1205 423 1320 480 quod
1346 433 1408 465 est
1437 422 1479 464 in
1508 423 1595 473 Μ.,

127 496 193 538 vel
214 495 508 550 στρατηλάτων,
531 494 644 551 quod
668 504 730 536 est
749 494 790 535 in
814 492 918 535 Ald.
941 493 1080 534 Turn.

187 574 283 619 721.
305 564 492 620 τοσόσδε]
513 565 662 607 τόσσος
682 566 726 605 δε
748 563 813 603 Μ.

187 643 284 687 722.
309 632 477 688 ἔζευξεν]
500 631 706 673 Herodot.
729 643 770 686 7,
790 631 830 672 8.
852 629 1003 683 μέλλω,
1025 628 1162 680 ζεύξας
1180 628 1251 670 τὸν
1273 627 1598 680 Ἑλλήσποντον,

130 702 230 742 ε’λᾶν
249 703 439 754 στρατιὰν
460 700 506 742 δι’
529 701 718 754 Εὐρώπης
739 699 802 741 ἐπὶ
822 698 893 750 τὴν
911 697 1110 748 Ἐλλάδα,
1131 697 1198 739 ἵνα
1216 696 1453 749 Ἀθηναίους
1479 713 1596 748 τιμω-

129 767 320 821 ρήσωμαι.
373 767 486 810 Ibid.
513 781 582 820 24.
603 766 894 822 προσετέτακτο
916 767 980 808 καὶ
1003 766 1074 807 τὸν
1094 765 1301 819 Στρύμονα
1319 764 1499 816 ποταμὸν
1517 764 1599 813 ζεύ-

129 840 275 888 ξαντας
303 840 548 890 γεφυρῶσαι.
599 837 661 877 Et
691 835 747 877 sic
777 835 886 877 alibi.
939 834 1050 876 Mihi
1081 843 1221 875 autem
1252 847 1494 889 persuasum
1522 841 1597 883 est,

129 903 314 946 fabulam
336 903 390 945 de
415 903 570 945 catenis
595 920 620 946 a
648 905 795 946 Xerxe
824 902 1104 959 Hellesponto
1132 901 1338 952 immissis,
1363 900 1477 957 apud
1508 901 1598 942 He-

130 971 327 1014 rodotum
348 971 520 1013 relatam
543 983 582 1027 7,
603 983 674 1028 35.
695 972 748 1014 ab
769 971 1011 1029 hujusmodi
1030 970 1238 1012 locutione
1262 968 1368 1010 male
1393 968 1602 1011 intellecta

131 1040 390 1099 profluxisse,
411 1040 520 1082 forte
549 1056 600 1082 ex
631 1041 723 1098 ipso
744 1041 938 1098 AEschyli
966 1041 1059 1082 loco
1083 1040 1194 1081 infra
1214 1049 1313 1094 751.
1346 1038 1419 1080 ubi
1450 1038 1601 1090 δεσμώ-

130 1127 254 1163 μασιν
274 1109 327 1151 de
346 1110 485 1166 pontis
512 1109 749 1166 ligamentis
774 1120 886 1152 recte
906 1109 1016 1166 cepit
1038 1107 1274 1150 Schutzius.
1323 1108 1459 1158 Quam
1479 1106 1602 1148 facile

131 1188 270 1220 autem
302 1177 544 1235 hujusmodi
574 1177 729 1219 fabulae
758 1177 960 1227 oriantur,
985 1176 1066 1218 alio
1092 1176 1216 1218 etiam
1246 1175 1439 1233 exemplo
1461 1175 1601 1217 videre

132 1255 209 1288 est.
260 1245 490 1288 Historiam
512 1245 564 1287 de
586 1245 868 1287 Themistocle
895 1246 948 1286 ab
969 1244 1216 1302 Eurybiade
1236 1244 1386 1286 baculo
1406 1259 1602 1301 percusso

136 1316 282 1371 (quam
313 1324 453 1355 narrat
483 1313 737 1355 Plutarchus
767 1314 810 1354 in
844 1313 929 1354 vita
960 1313 1050 1370 ejus
1084 1327 1125 1369 p.
1158 1313 1276 1367 117.)
1308 1313 1362 1354 ab
1392 1312 1602 1354 Herodoti

132 1383 225 1424 loco
245 1383 283 1433 8,
305 1392 377 1437 59.
409 1380 609 1438 originem
642 1381 829 1433 traxisse,
851 1397 986 1432 nemo,
1009 1391 1057 1422 ut
1081 1380 1243 1438 opinor,
1266 1379 1391 1421 semel
1420 1380 1603 1422 monitus

134 1450 370 1492 dubitabit:
404 1465 480 1491 nec
506 1459 595 1491 erat
615 1465 690 1491 cur
711 1450 947 1492 Larcherus
977 1450 1199 1491 miraretur
1220 1448 1487 1491 Herodotum
1514 1465 1601 1491 rem

135 1518 297 1560 silentio
335 1518 618 1570 transmisisse,
653 1533 779 1575 quam
819 1517 887 1559 ille
927 1533 979 1559 ne
1016 1517 1146 1559 fando
1183 1516 1352 1573 quidem
1392 1517 1604 1560 audiisset.

136 1587 300 1629 Eodem
328 1587 415 1629 fere
440 1587 580 1638 modo,
602 1602 734 1643 quum
766 1595 970 1628 narrasset
1001 1585 1247 1627 Herodotus
1267 1587 1309 1636 6,
1335 1599 1430 1639 114.
1462 1587 1605 1643 Cyne-

135 1656 291 1712 girum,
327 1656 477 1698 dextra
514 1665 745 1713 amputata,
776 1669 862 1711 qua
900 1669 1045 1696 navem
1088 1654 1342 1710 arripuisset,
1383 1653 1601 1703 cecidisse;

138 1724 349 1766 historiam
379 1724 501 1766 finxit
526 1724 692 1780 aliquis,
711 1738 836 1780 quam
868 1722 1023 1779 accepit
1043 1723 1073 1763 J
1078 1722 1240 1764 ustinus
1262 1734 1301 1773 2,
1321 1736 1361 1777 9.
1394 1721 1447 1763 de
1476 1723 1607 1764 altera

137 1792 229 1849 ejus
256 1808 383 1834 manu
413 1793 602 1850 praecisa,
624 1801 842 1847 rostroque
871 1790 1081 1832 mordicus
1109 1790 1326 1846 prehenso.
1383 1790 1476 1832 Vid.
1499 1791 1606 1832 Lar-

138 1860 249 1902 cher.
271 1860 323 1902 ad
346 1861 555 1902 Herodot.
578 1861 657 1902 vol.
678 1874 717 1912 4.
739 1875 780 1916 p.
804 1869 905 1914 459.
937 1859 1171 1900 BLOMF.

197 1940 296 1984 723.
329 1930 549 1982 Βόσπορος,
578 1929 878 1984 Hellespontus
912 1926 968 1968 sic
998 1925 1096 1967 olim
1132 1926 1362 1968 dicebatur.
1411 1927 1607 1984 Sophocl.

141 1997 264 2054 Ajac.
288 1997 384 2051 870.
404 1999 531 2051 ῥυτῶν
551 1997 784 2049 Βοσπορίων
809 1998 1007 2047 ποταμῶν.
1039 1993 1113 2036 ubi
1143 1995 1268 2036 schol.
1290 1998 1386 2039 ἴσως
1414 1999 1492 2036 τῶν
1509 1994 1607 2036 Ἐλ-

140 2066 519 2117 λησποντίων-δύο
541 2065 585 2106 δέ
605 2066 684 2106 εἶσι
704 2065 916 2116 Βόσποροι,
940 2065 961 2104 ὁ
990 2065 1065 2115 μὲν
1086 2065 1184 2104 κατὰ
1204 2063 1275 2114 τὴν
1297 2065 1563 2116 Προποντίδα,
1585 2065 1607 2105 ὁ

142 2133 185 2174 δὲ
207 2133 414 2186 Θρακικὸς,
436 2133 486 2176 ὥς
507 2139 608 2186 φησι
628 2132 790 2175 Φιλέας.
834 2131 972 2172 Schol.
994 2131 1034 2172 in
1057 2131 1259 2188 Apollon.
1282 2131 1424 2173 Rhod.
1448 2145 1486 2182 2,
1513 2132 1608 2174 168.

141 2201 347 2254 Βόσπορος
376 2200 730 2253 ὀνομάζεται-διὰ
748 2201 793 2241 τὸ
814 2199 967 2244 πάντας
986 2201 1075 2244 τοὺς
1094 2201 1259 2245 στενοὺς
1287 2201 1484 2254 πορθμοὺς
1504 2205 1610 2242 Boo-

141 2269 284 2322 πόρους
303 2271 524 2310 καλεῖσθαι.
556 2269 665 2310 Haec
685 2278 726 2310 et
748 2268 872 2325 plura
891 2269 1051 2310 notavit
1071 2268 1278 2310 Abresch.
1310 2269 1542 2311 BLOMF.

202 2354 363 2410 κλῇσαι]
389 2358 549 2396 κλεῖσαι
568 2353 710 2410 vulgo.
742 2357 901 2405 κληῗσαι
923 2353 988 2394 Μ.

205 2465 299 2507 724.
322 2451 403 2508 ὧδ’]
424 2431 487 2494 ὡέ’
510 2454 575 2493 Μ.

203 2525 374 2580 γνώμης]
395 2543 460 2579 γρ·
480 2527 617 2582 γνώμῃ
638 2526 690 2566 Β·

203 2609 409 2663 ξυνήψατο
440 2611 568 2651 Α.Μ.
592 2608 736 2651 Guelf.
758 2608 897 2650 Viteb.
943 2609 1152 2661 συνήψατο
1173 2608 1316 2664 vulgo.
1370 2609 1611 2663 Scholiasta,

149 2678 236 2719 ἀντὶ
257 2681 326 2719 τοῦ
346 2680 442 2722 ἴσως
463 2679 526 2719 καὶ
546 2678 796 2731 συνήργησεν
815 2678 915 2733 αὐτῷ
936 2695 993 2720 τις
1013 2678 1161 2729 δαίμων
1182 2678 1245 2718 καὶ
1265 2678 1477 2730 ἐβοήθησε.

207 2762 302 2806 729.
325 2751 425 2795 λαὸς
444 2754 519 2794 πᾶς
540 2751 723 2792 Α.Β.Μ.
746 2750 910 2806 aliique.
956 2753 1032 2793 πᾶς
1058 2750 1158 2793 λαὸς
1188 2751 1300 2792 Rob.
1346 2754 1422 2794 πᾶς
1446 2754 1614 2805 στρατὸς

150 2818 252 2860 Ald.
278 2820 417 2860 Turn.

207 2886 305 2932 730.
327 2876 578 2932 κενανδρίαν]
602 2875 809 2926 κενανδρία
831 2875 896 2914 Μ.
920 2873 1021 2915 Ald.
1045 2874 1156 2915 Rob.

209 2953 306 2999 731.
331 2946 464 2994 κεδνῆς
484 2944 550 2984 Μ.
573 2942 709 2984 Viteb.
730 2941 883 2997 aliique
904 2940 1105 2983 nonnulli.
1139 2945 1250 2992 κενῆς
1271 2942 1409 2998 vulgo.

211 3028 308 3071 732.
341 3019 471 3068 δῆμος,
495 3016 586 3058 οὐδέ
615 3033 671 3059 τις
695 3015 839 3070 γέρων]
872 3014 1111 3066 Scholiasta,
1133 3020 1211 3058 τῶι·
1231 3018 1430 3070 Βακτρίων
1451 3020 1492 3060 δὲ
1514 3020 1617 3073 ἔρρει
