1898 3256
343 236 433 278 AD
467 233 723 277 SEPTEM
755 231 1086 274 ADVERSUS
1119 231 1391 273 THEBAS.
1516 231 1603 274 175

190 368 259 392 νυν
282 349 513 392 Arnaldus.
543 351 614 390 νῦν
633 347 742 390 libri.
1536 393 1539 396 ,

188 418 428 473 ἀντίπαλον]
453 419 829 473 Propugnatorem,
850 413 923 471 qui
943 413 1189 456 adversariis
1207 412 1382 455 obsistit.
1416 414 1549 455 SCH.

185 487 285 539 418.
306 486 474 541 δικαίας]
500 484 743 540 Legebatur
763 483 935 525 δικαίως.

186 566 428 608 419--421.
462 555 571 595 Haec
600 552 641 593 in
671 567 800 593 unum
833 565 998 592 versum
1028 548 1323 606 conjungenda
1352 559 1394 591 et
1422 548 1464 590 in
1495 548 1599 590 anti-

130 622 301 680 stropho
321 623 562 677 454—456.

185 704 285 744 419.
318 689 584 732 Constructio
613 688 690 730 loci
720 688 811 730 haec
840 696 916 738 est,
937 685 1064 740 τρέμω
1088 684 1118 727 δ’
1140 686 1239 738 ὑπὲρ
1262 685 1409 738 φίλων,
1433 686 1599 736 αἱματη-

129 760 277 813 φόρους
295 760 440 813 μόρους
459 758 664 810 ὀλομένων
686 756 852 799 ἰδέσθαι.
874 756 901 798 i.
924 771 960 798 e.
984 770 1035 797 ne
1056 755 1235 797 videam.
1267 754 1505 796 BLOMF.

185 838 283 879 420.
306 827 452 882 φίλων]
475 828 578 879 ἐμῶν
600 824 718 866 addit
739 825 852 866 Rob.

185 906 282 947 422.
305 897 412 936 δοῖεν
428 895 511 936 θεοὶ
531 893 691 935 codices
706 893 740 934 si
756 907 837 934 non
854 907 1011 944 omnes,
1028 900 1138 933 certe
1153 890 1355 948 plerique.
1390 891 1474 933 θεοὶ
1493 894 1600 933 δοῖεν

128 961 224 1004 edd.
245 972 342 1004 ante
364 964 603 1004 Burtonum
626 977 678 1002 ex
698 977 736 1002 v.
759 962 860 1012 418.

185 1044 284 1086 423.
320 1031 529 1075 Καπανεὺς
563 1030 594 1072 δ’
633 1028 691 1071 ἐπ’
729 1029 1016 1083 Ἠλέκτραισιν
1050 1030 1214 1083 εἴληχεν
1247 1027 1408 1084 πύλαις]
1444 1026 1601 1069 Eidem

128 1109 261 1157 portae
292 1102 536 1157 Capaneum
567 1100 763 1142 admovet
793 1097 1020 1154 Euripides
1051 1098 1205 1140 Phoen.
1226 1098 1350 1150 1146,
1381 1106 1424 1139 et
1443 1098 1600 1138 Pausa-

129 1167 218 1209 nias
238 1182 281 1223 9,
303 1168 340 1209 8.
363 1183 459 1209 eum
479 1178 575 1210 ante
596 1168 701 1210 hanc
725 1177 888 1225 portam
917 1166 1092 1207 fulmine
1120 1166 1250 1208 ictum
1281 1165 1483 1208 corruisse
1513 1180 1598 1207 me-

130 1246 278 1278 morat.
312 1237 444 1278 SCH.

186 1318 286 1358 424.
312 1305 453 1360 ἄλλος]
475 1305 603 1346 ἄλλου
625 1305 682 1346 Α.
703 1314 745 1345 et
769 1303 1097 1360 superscriptum
1117 1303 1160 1344 in
1183 1303 1237 1344 Β.
1299 1307 1329 1327 “
1351 1302 1462 1354 Quia
1488 1311 1598 1344 uter-

129 1387 212 1429 que
238 1374 414 1429 Tydeus
443 1382 483 1413 et
512 1374 733 1429 Capaneus
761 1372 948 1414 acerrimi
978 1372 1197 1415 bellatores
1226 1382 1358 1424 erant,
1387 1372 1598 1429 iidemque

129 1438 408 1498 superbissimi
435 1450 475 1482 et
502 1440 758 1492 atrocissimi,
780 1441 836 1482 sic
867 1451 1003 1482 tamen
1036 1451 1083 1483 ut
1113 1441 1155 1482 in
1187 1441 1251 1482 his
1280 1441 1475 1482 omnibus
1507 1443 1598 1498 Ty-

127 1509 252 1551 deum
276 1511 496 1566 Capaneus
517 1509 712 1560 vinceret,
736 1509 828 1550 ideo
850 1509 916 1551 hic
936 1511 1073 1566 mqjor
1091 1511 1163 1551 illo
1184 1511 1324 1567 giga-5
1344 1510 1594 1567 appellatur.

129 1578 355 1635 Euripides
368 1578 517 1619 Phoen.
536 1591 655 1634 1134.
680 1580 923 1635 Capaneum
946 1578 1036 1635 ipso
1052 1579 1195 1620 Marte
1216 1588 1340 1635 negat
1360 1578 1597 1620 inferiorem

127 1662 240 1688 esse:

298 1730 349 1773 ‘O
370 1732 404 1772 δ’
424 1731 493 1773 οὐκ
515 1731 696 1773 ἔλασσον
711 1729 856 1785 Ἀρεος
878 1732 932 1775 εἷς
950 1731 1084 1785 μάχην
1105 1734 1266 1784 φρονῶν

301 1800 510 1843 Καπανεὺς
524 1824 580 1832 --

130 1916 251 1959 Idem
284 1916 403 1970 (ibid.
431 1932 470 1959 v,
492 1917 634 1972 1138.)
656 1917 697 1958 in
727 1916 910 1974 Capanei
938 1917 1086 1974 clypeo
1114 1916 1296 1974 gigantis
1325 1917 1501 1975 effigiem
1533 1918 1596 1959 in-

128 1985 283 2027 clusam
305 1985 431 2027 fuisse
453 1995 605 2037 narrat,
625 1985 699 2042 qui
720 1985 904 2027 humeris
933 1993 1062 2027 totam
1092 1986 1237 2028 urbem
1260 1987 1451 2029 vectibus
1480 1987 1598 2048 evul5

129 2068 214 2095 sam
229 2053 494 2096 sustineret.”
527 2055 660 2096 SCH.

142 2170 146 2175 Δ
184 2117 282 2177 425.
304 2122 350 2163 οὗ
372 2121 453 2163 κατ’
475 2122 702 2177 ἄνθρωπον]
722 2122 824 2163 IVon
839 2122 1020 2163 hominis
1040 2124 1195 2165 instar.
1231 2123 1357 2165 Ultra
1376 2123 1599 2167 hominem.

129 2200 176 2232 ut
205 2190 261 2232 ait
292 2190 543 2232 Ammianus
574 2191 765 2233 Marcell.
795 2207 820 2232 a
852 2191 1035 2233 Stanleio
1064 2191 1226 2234 citatus.
1258 2194 1356 2247 ὑπὲρ
1388 2194 1600 2247 ἄνθρωπον

130 2258 347 2312 ἐφρόνησα,
370 2260 571 2316 Xenoph.
594 2261 752 2317 Cyrop.
768 2261 807 2302 8.
831 2275 873 2317 p.
888 2271 988 2315 500.
1012 2260 1208 2317 Sophocl.
1226 2261 1349 2318 Ajac.
1369 2263 1464 2314 760.
1489 2262 1599 2306 ὅστις

130 2326 336 2387 ᾆνθρῶπου
375 2329 499 2381 φύσιν
538 2329 746 2376 Βλαστὼν,
789 2328 924 2370 ἔπειτα
965 2329 1019 2381 μὴ
1065 2330 1147 2370 κατ’
1188 2330 1398 2383 ἄνθρωπον
1440 2334 1597 2383 φρονεῖ.
1636 2383 1639 2385 ¹

130 2393 279 2450 Antig.
303 2395 398 2449 768.
431 2395 585 2448 Δράτω·
618 2397 812 2449 φρονείτω
841 2397 977 2448 μεῖζον
1006 2395 1030 2448 ἢ
1062 2396 1142 2438 κατ’
1175 2397 1281 2451 ἄνδρ’
1315 2398 1396 2440 ἰών.
1443 2399 1598 2454 Noster

130 2460 284 2517 Agam.
305 2463 401 2517 928.
429 2462 545 2516 Λέγω
577 2463 656 2504 κατ’
686 2464 822 2516 ἄνδρα,
854 2464 906 2515 μὴ
937 2466 1043 2512 θεὸν,
1077 2465 1219 2516 σέβειν
1250 2465 1333 2517 ἐμέ.
1399 2465 1598 2507 Similiter

130 2527 216 2569 fere
251 2528 389 2584 posuit
424 2531 522 2570 κατὰ
552 2530 778 2572 Chionides
809 2547 876 2588 ap.
910 2531 1070 2573 Polluc.
1099 2545 1163 2582 10,
1193 2546 1263 2588 35.
1297 2533 1541 2575 emendatus
1572 2550 1597 2575 a

132 2595 321 2637 Bentleio
346 2596 388 2637 in
417 2597 552 2653 Epist.
574 2598 627 2639 ad
650 2599 891 2641 Hemsterh.
914 2615 1012 2657 pag.
1035 2614 1103 2656 93.
1137 2601 1326 2644 Πολλοὺς
1357 2603 1498 2657 ἐγῷδα,
1529 2603 1597 2645 κού

133 2665 230 2705 κατὰ
257 2665 320 2714 σὲ,
348 2666 517 2708 νεανίας.
547 2667 748 2723 Tyrtaeus
776 2682 844 2723 ap.
878 2667 997 2709 Stob.
1027 2681 1097 2723 51.
1128 2684 1173 2725 p.
1201 2682 1296 2723 195.
1330 2670 1455 2711 Grot.
1487 2671 1529 2712 οἵ
1554 2688 1597 2712 τε

131 2730 212 2772 κατ’
235 2731 367 2780 αὐτὸν,
392 2746 519 2788 pares
545 2734 647 2788 ejus.
710 2734 830 2776 Idem
860 2735 947 2776 fere
977 2735 1200 2777 distichum
1232 2735 1394 2778 infersit
1423 2738 1594 2794 quidam

130 2797 171 2838 in
195 2797 392 2854 Theogn.
414 2811 512 2853 931.
547 2800 778 2842 BLOMF.

186 2867 286 2918 426.
309 2867 458 2919 κραίνοι
479 2867 666 2909 L.M.N.
685 2869 796 2910 Rob.
821 2869 957 2922 κράνοι
975 2869 1116 2926 vulg0.
1149 2888 1175 2912 a
1193 2871 1246 2913 ab
1267 2871 1346 2913 alia
1375 2887 1502 2915 manu
1528 2890 1596 2916 su-

129 2933 402 2991 perscriptum
425 2933 466 2975 in
489 2935 555 2976 M.
617 2935 859 2978 Simillimus
882 2946 944 2978 est
964 2952 1107 2979 versus
1124 2952 1226 2994 549.
1248 2941 1411 2994 πύργοις
1438 2942 1599 2985 ἀπειλεῖ

129 3001 252 3046 τοῖσδ’
276 3002 302 3043 ἃ
321 3002 374 3055 μὴ
394 3003 546 3056 κραίνοι
567 3005 671 3048 θεός.
