1898 3256
359 205 444 246 312
686 185 704 200 ”
830 210 1322 252 ANNoTATloNEs

416 327 512 370 970.
534 317 711 372 Μέμφις]
736 319 921 372 Μέμφθις
940 320 1042 361 Ald.
1066 321 1173 363 Rob.

417 381 613 439 Θάρυβις]
637 385 819 437 Θῶρυβις
840 386 939 427 Ald.
971 386 1143 439 Θάμυρις
1162 387 1317 442 aliquot
1336 388 1454 430 codd.
1478 398 1519 430 et
1539 390 1648 431 Rob.

416 450 663 505 Μασίστρης]
689 453 922 506 Μασίστρας
942 453 1114 494 B.C.M.
1140 454 1347 505 Μασίστης
1375 455 1632 497 scribendum
1663 456 1790 498 videri

359 515 444 556 dixi
465 515 517 556 ad
540 531 578 556 v,
599 529 668 571 30.

416 592 513 635 971.
570 581 826 639 Ὑσταίχμας]
879 586 1125 640 Οἶσταίχμας
1173 586 1267 627 Ald.
1326 588 1571 641 Οἶσταίχμας
1622 589 1789 630 Barocc.

360 659 472 700 Rob.

415 737 511 779 972.
533 725 776 778 ἐπανέρωμαι
797 728 848 768 Β.
890 729 1027 785 Vulgo
1048 729 1296 782 ἐπανέρομαι.
1343 731 1605 784 ἐπαναιρόμην
1626 733 1674 774 A.
1723 734 1790 774 De

358 807 435 833 usu
457 792 704 848 subjunctivi
725 793 810 834 dixi
829 794 881 834 ad
904 795 1028 851 Soph.
1050 795 1152 836 OEd.
1175 796 1264 838 Col.
1286 798 1405 852 1560.

414 869 508 913 973.
532 860 655 913 ῑὼῖὥ]
682 860 725 899 ἰὼ
746 871 807 900 ter
828 862 893 901 M.

411 926 497 981 μοι]
535 926 771 981 Legebatur
804 943 870 978 μοι
897 944 975 979 μοι.
1034 928 1224 969 Alterum
1263 945 1330 981 μοι
1368 929 1519 971 omittit
1558 931 1674 987 Lips.
1715 946 1788 973 nec

356 992 519 1033 videtur
537 992 679 1047 legisse
698 992 910 1034 scholiasta
931 994 1132 1036 metricus.

412 1070 506 1114 974.
528 1060 715 1112 ὠγυγίους
736 1061 850 1101 CM.
872 1060 1021 1116 aliique
1041 1060 1236 1102 nonnulli.
1267 1061 1435 1115 ὦγυγίας
1453 1061 1591 1118 vulgo.

412 1138 506 1180 975.
527 1124 714 1180 Ἀθάνας]
736 1125 905 1177 Ἀθήνας
926 1127 1065 1167 Guelf.

413 1194 508 1246 976.
542 1193 561 1234 ἓ
585 1193 604 1234 ἓ
625 1192 659 1247 ἓ]
686 1192 705 1233 ἒ
730 1192 792 1233 bis
819 1193 908 1234 cod.
931 1193 1061 1249 Lips.,
1084 1193 1212 1234 sexies
1240 1193 1282 1234 in
1312 1194 1506 1236 Cantabr.
1539 1194 1683 1250 primo,
1743 1196 1786 1237 Si

354 1259 396 1300 in
416 1259 670 1316 antistropho
690 1268 798 1300 recte
817 1259 966 1315 legitur
984 1261 1064 1314 βοᾷ
1082 1263 1174 1313 βοᾷ,
1196 1259 1451 1301 scribendum
1473 1261 1549 1302 erit
1575 1263 1616 1302 ἑὲ
1645 1262 1698 1310 ἐέ,
1723 1263 1785 1304 vel

356 1326 400 1377 ἐὴ
421 1326 478 1376 ἐή.

411 1393 664 1448 ἀσπαίρουσι]
687 1394 893 1445 ἀπαίρουσι
911 1391 1066 1447 aliquot
1085 1392 1203 1434 codd.
1223 1402 1263 1434 et
1283 1393 1384 1435 Ald.
1406 1395 1539 1436 Turn.

411 1469 506 1512 979.
527 1459 616 1511 τὸν]
637 1463 713 1499 τῶν
732 1460 782 1499 C.
805 1460 938 1499 Turn.

411 1525 542 1580 αὐτοῦ]
565 1525 681 1566 αὐτὸν
702 1524 802 1565 Ald.

409 1593 504 1646 980.
527 1592 595 1632 τὸν
613 1606 694 1632 om.
715 1591 871 1647 aliquot
889 1590 1007 1632 codd.
1029 1601 1068 1632 et
1088 1591 1186 1632 Ald.
1205 1608 1214 1632 ε
1251 1601 1343 1647 post
1363 1592 1437 1634 σὸν
1454 1593 1625 1634 collocat
1646 1594 1780 1636 Turn.

409 1658 537 1713 πάντ’]
562 1657 640 1699 ὄντ’
663 1658 792 1699 Paris.
815 1673 922 1699 unus
941 1666 982 1699 et
1003 1658 1109 1698 Rob.

408 1724 635 1780 ὀφθαλμὸν]
670 1726 739 1766 Ita
772 1725 941 1775 dictum,
972 1724 1084 1779 quod
1117 1724 1206 1778 ejus
1234 1738 1313 1780 ope
1344 1723 1485 1772 πάντα,
1523 1734 1569 1765 ut
1601 1723 1785 1779 loquitur

350 1791 500 1833 Suidas
541 1793 595 1845 (v.
630 1791 835 1845 ὀφθαλμὸς
866 1790 1081 1843 βασιλέως)
1116 1792 1138 1831 ὁ
1171 1791 1361 1842 βασιλεὺς
1394 1789 1614 1838 ἐπεσκόπει,
1645 1792 1784 1832 omnia

350 1858 508 1911 (scribit
529 1858 733 1914 Apuleius
754 1858 805 1898 de
832 1857 1006 1911 mundo)
1027 1872 1118 1913 quae
1145 1858 1293 1913 ubique
1315 1863 1567 1913 gererentur
1595 1857 1783 1899 discebat.

350 1925 516 1966 Etenim
558 1926 775 1965 Persarum
819 1939 935 1979 reges
982 1923 1186 1964 ministros
1234 1923 1432 1977 quosdam
1478 1923 1670 1973 habuere,
1710 1923 1782 1978 qui

349 1993 550 2045 ὀφθαλμοὶ
577 1990 789 2043 βασιλέως,
819 1991 1081 2046 imperatoris
1109 1991 1215 2031 oculi
1250 1989 1460 2043 (reddente
1490 1989 1687 2045 Apuleio)
1719 1989 1781 2030 di-

350 2059 547 2100 cebantur
574 2074 598 2099 a
628 2072 794 2098 munere
820 2057 883 2098 vel
912 2056 1069 2104 officio;
1107 2056 1304 2112 quicquid
1333 2056 1440 2097 enim
1469 2056 1512 2096 in
1541 2066 1628 2097 toto
1656 2070 1783 2111 regno

349 2137 553 2181 ageretur,
574 2138 715 2164 eorum
734 2132 820 2164 erat
838 2123 891 2164 ad
910 2138 1045 2178 regem
1067 2123 1240 2164 deferre.
1290 2122 1549 2178 Hesychius:
1581 2122 1782 2165 Βασιλέως

350 2190 566 2244 ὀφθαλμός·
598 2188 789 2241 ἐπέμπετο
808 2206 866 2232 τις
883 2191 958 2230 ὑπὸ
977 2189 1175 2240 βασιλέως
1199 2191 1420 2238 ἐπίσκοπος,
1443 2188 1485 2231 ὃς
1511 2190 1708 2241 ἐφεωρᾶτο
1734 2190 1782 2229 τὰ

348 2257 566 2311 πράγματα,
598 2256 644 2297 ὃν
673 2260 742 2297 τοῦ
770 2255 969 2307 βασιλέως
998 2255 1206 2309 ὀφθαλμὸν
1238 2254 1416 2296 ἐκάλουν.
1446 2254 1651 2295 Aristides
1677 2261 1779 2294 orat.

347 2339 546 2381 panegyr.
569 2322 774 2378 Cyzicena
792 2322 873 2363 vol.
894 2336 927 2363 1.
949 2338 990 2378 p.
1010 2335 1106 2374 424.
1129 2323 1249 2363 Cant.
1276 2323 1297 2362 ὁ
1322 2323 1396 2373 μὲν
1423 2323 1498 2374 γὰρ
1517 2325 1594 2362 τῶν
1613 2324 1781 2373 Περσῶν

348 2391 542 2433 Βασιλεὺς
571 2388 695 2431 ἐδόκει
723 2406 758 2430 τι
787 2388 975 2442 διάφορον
1002 2392 1207 2439 κεκτῆσθαι
1235 2388 1305 2429 τὸν
1325 2389 1564 2439 καλούμενον
1582 2386 1782 2439 βασιλέως

348 2456 568 2511 ὀφθαλμόν.
613 2456 697 2497 Dio
726 2456 937 2512 Chrysost.
972 2471 1013 2511 p.
1045 2459 1099 2510 55
1130 2457 1209 2496 D.:
1251 2457 1272 2495 ὁ
1300 2457 1374 2507 μὲν
1403 2454 1559 2508 Πέρσης
1590 2454 1661 2494 ἕνα
1693 2455 1781 2494 τινὰ

349 2525 484 2578 ἔσχεν,
515 2523 723 2576 ὀφθαλμὸν
750 2522 951 2574 βασιλέως
977 2521 1208 2575 λεγόμενον,
1229 2525 1367 2562 τοῦτον
1395 2521 1440 2562 οὗ
1473 2523 1685 2561 σπουδαῖον
1714 2519 1780 2560 ἄν-

348 2594 514 2644 θρωπον,
536 2589 625 2631 ἀλλ’
648 2591 691 2630 ἐκ
714 2594 790 2630 τῶν
816 2588 1086 2643 ἐπιτυχόντων·
1118 2590 1272 2642 ἀγνοῶν
1300 2589 1359 2630 ὅτι
1388 2591 1455 2628 τοῦ
1483 2588 1630 2639 ἀγαθοῦ
1658 2589 1777 2636 βασι-

346 2657 446 2701 λέως
466 2659 503 2698 οἱ
528 2658 639 2709 φίλοι
662 2655 804 2699 πάντες
825 2657 926 2697 εἰσὶν
946 2656 1156 2708 ὀφθαλμοί.
1217 2654 1378 2704 Quibus
1404 2663 1537 2694 tamen
1558 2650 1691 2692 verbis
1717 2650 1779 2692 bis

346 2734 556 2780 peccatum
578 2733 664 2771 est3
697 2738 829 2778 neque
853 2722 958 2763 enim
980 2722 1051 2763 uni
1072 2731 1244 2771 tantum,
1267 2736 1340 2761 nec
1360 2719 1479 2760 alicui
1499 2734 1522 2759 e
1543 2717 1778 2773 vulgaribus

345 2790 604 2832 deferebatur
631 2789 709 2830 hoc
741 2788 931 2830 officium.
991 2790 1110 2829 Duos
1135 2787 1258 2829 fuisse
1286 2787 1343 2828 ait
1371 2785 1600 2828 scholiastes
1629 2793 1777 2835 noster,

345 2857 422 2898 isto
442 2871 608 2898 munere
627 2857 814 2903 functos3
856 2865 898 2897 at
926 2855 1162 2912 Xenophon
1181 2855 1333 2910 plures,
1353 2853 1435 2894 imo
1453 2852 1630 2899 multos;
1665 2860 1776 2907 post-

346 2939 470 2980 quam
490 2923 596 2965 enim
617 2939 685 2965 eos
702 2922 918 2973 refellerat,
939 2922 1011 2978 qui
1031 2922 1196 2963 unicum
1224 2920 1505 2962 existimarunt
1525 2919 1679 2974 Cyrop.
1702 2916 1773 2958 lib.
