1898 3256
572 220 661 260 AD
693 218 1174 261 PROMETHEUM.
1552 216 1605 256 81

197 332 298 385 566.
320 332 345 372 ἃ
366 331 407 387 ἆ]
431 332 568 388 Vulgo
589 332 614 373 ἃ
634 334 671 374 ἆ.

201 398 248 439 ἔα
268 399 330 454 ἔα]
358 399 377 440 ἒ
405 398 513 441 kM.
576 399 773 441 Similiter
802 409 955 455 praeter
984 398 1085 439 alios
1116 412 1226 439 unus
1255 397 1308 438 de
1331 397 1543 447 parisinis,
1566 396 1608 437 in

142 481 228 520 quo
257 466 510 523 adscriptum
542 485 605 521 γρ.
638 467 699 508 ἔα.
733 467 793 507 ἔα.
854 466 1027 508 Eaedem
1059 466 1380 508 exclamationes
1401 465 1425 505 ἃ
1447 466 1472 505 ἃ
1495 465 1541 505 ἔα
1563 465 1609 505 ἔα

141 534 456 591 conjunguntur
476 551 514 577 v.
537 549 629 588 114.
653 534 723 577 ubi
751 534 855 577 liber
878 535 1096 576 Mediceus
1123 535 1166 575 in
1187 534 1399 590 vulgatam
1429 534 1608 589 scriptu-

143 616 228 641 ram
249 603 478 644 consentire
499 603 678 645 videtur.
739 604 835 659 Ego
856 603 903 644 ἔα
923 603 971 644 ἔα
990 602 1053 643 vel
1076 602 1097 643 ἔ
1118 602 1138 644 ἔ
1166 602 1388 658 utrobique
1407 602 1460 642 ab
1482 601 1607 642 libra-

143 668 212 709 riis
232 669 486 727 adscriptum
513 670 659 727 judico
679 670 731 712 ad
752 669 1037 726 explicandam
1061 670 1238 711 formam
1262 669 1375 710 verbi
1396 671 1443 710 ἔα
1465 684 1607 710 mono-

142 738 342 793 syllabam
378 740 416 787 ἃ,
448 738 501 780 de
532 754 618 795 qua
646 738 914 779 conferantur
942 738 1229 780 annotationes
1259 753 1361 779 meae
1392 737 1444 779 ad
1479 737 1610 793 Soph.

143 806 247 849 OEd.
271 808 327 849 T.
349 818 472 863 1513.
497 806 714 863 Aristoph.
738 806 912 847 Thesm.
934 807 1005 859 64.
1028 808 1122 860 176.

197 877 297 931 567.
330 875 419 930 τᾶν]
441 874 660 916 Articulus
689 889 739 915 ex
772 874 905 915 tribus
934 874 1055 915 codd.
1080 874 1261 924 additus,
1288 889 1467 930 quorum
1503 889 1610 915 unus

142 945 228 991 τὰν,
250 943 336 984 duo
356 942 437 994 τήν.

198 1015 372 1070 οἶστρος]
394 1007 567 1068 οἴστροῗς
590 1017 654 1056 Μ.
677 1033 720 1059 ος
739 1015 793 1056 ab
813 1015 893 1056 alia
914 1031 1039 1057 manu
1060 1016 1283 1072 adscriptO.

199 1083 297 1138 568.
318 1082 426 1124 ἄλευ’
443 1081 473 1124 ὦ
495 1087 557 1134 δᾶ,
572 1082 667 1124 edd.
690 1083 850 1139 primae,
867 1083 1116 1139 quibuscum
1140 1082 1404 1124 consentiunt
1425 1083 1612 1139 plerique

142 1150 261 1192 codd.
279 1160 320 1192 et
337 1150 462 1192 schol.
480 1152 535 1191 A.
555 1160 595 1191 et
612 1151 662 1192 Β.
697 1151 826 1191 MSS.
852 1151 1055 1201 nonnulli,
1078 1161 1180 1192 teste
1202 1151 1422 1201 Turnebo,
1442 1150 1563 1200 ἄλευ’,
1587 1152 1612 1191 ἆ

143 1222 204 1259 δᾶ.
235 1228 362 1275 atque
391 1219 449 1260 ita
476 1220 531 1260 N.
558 1219 673 1275 quod
705 1219 855 1275 probat
877 1219 1075 1261 Valcken.
1106 1219 1159 1260 ad
1193 1219 1399 1260 Phoeniss.
1419 1232 1539 1274 1304.
1570 1229 1612 1260 et

141 1285 364 1327 defendere
392 1286 558 1327 videtur
579 1288 724 1342 Etym.
750 1288 814 1327 M.
836 1302 879 1343 p.
903 1290 973 1337 60,
997 1287 1034 1327 8.
1067 1286 1279 1334 Ἀλευάδα,
1314 1289 1459 1340 εἴρηται
1487 1288 1537 1330 ὡς
1566 1287 1611 1327 τὸ

143 1355 287 1396 Φεύδα.
319 1356 357 1395 οἱ
385 1356 462 1407 γὰρ
483 1358 652 1407 Δωριεῖς
679 1355 750 1406 τὴν
777 1357 853 1408 γῆν
876 1358 948 1396 δᾶν
968 1356 1147 1408 λέγουσι,
1172 1354 1242 1395 ubi
1268 1354 1483 1395 Arnaldus
1501 1354 1608 1394 Ani-

143 1423 280 1464 madv.
301 1436 342 1478 p.
365 1423 457 1463 181.
489 1422 658 1479 corrigit
688 1422 883 1473 ἀλευέδα;
916 1422 1046 1464 male:
1083 1422 1189 1463 male
1219 1423 1341 1464 etiam
1372 1437 1467 1463 cuni
1502 1423 1610 1479 Ety-

143 1487 307 1544 mologo
327 1488 468 1530 scribit
490 1504 572 1530 una
593 1505 691 1530 voce
709 1491 860 1542 φεύδα;
895 1489 1059 1530 divisim
1087 1489 1196 1530 enim
1225 1489 1487 1531 scribendum
1520 1492 1609 1542 φεῦ,

142 1559 203 1597 δᾶ.
228 1556 446 1613 Aristoph.
468 1556 647 1613 Lysistr.
671 1558 763 1611 198.
785 1561 877 1610 φεῦ,
899 1561 959 1608 δᾶ,
981 1557 1052 1598 τὸν
1073 1558 1205 1610 ὅρκον.
1238 1556 1348 1598 Dedi
1370 1572 1420 1597 ex
1444 1556 1611 1597 Monkii

143 1623 357 1675 sententia,
385 1625 517 1672 ἄλευε,
550 1628 612 1666 δᾶ.
644 1626 878 1667 BLOMF.
939 1624 1028 1666 Alii
1061 1624 1231 1680 quidam
1264 1624 1386 1666 codd.
1421 1623 1611 1665 ἀλευάδα.

143 1693 332 1743 Quorum
357 1692 542 1733 omnium
572 1692 675 1734 nihil
695 1708 836 1734 verum
868 1709 955 1734 esse
986 1692 1106 1733 metri
1136 1692 1271 1733 forma
1300 1691 1491 1741 ostendit,
1513 1706 1610 1747 quae

143 1759 348 1802 senarium
377 1759 659 1801 catalecticum
687 1761 884 1816 postulat.
946 1760 1227 1811 Quamobrem
1249 1761 1347 1801 ἄλευ
1369 1763 1416 1800 δᾶ
1435 1759 1610 1809 correxi,

143 1828 334 1870 restituta
351 1843 550 1884 apocope,
564 1843 744 1884 quacum
765 1837 1030 1884 comparetur
1049 1831 1129 1869 παῦ
1143 1842 1221 1884 pro
1241 1830 1342 1868 παῦε
1362 1827 1537 1877 dictum,
1559 1826 1613 1868 de

143 1912 230 1952 quo
248 1896 423 1953 exposui
442 1896 496 1937 ad
517 1896 738 1952 Aristoph.
759 1895 907 1952 Equit.
931 1896 1028 1940 821.
1073 1895 1240 1936 Deinde
1259 1904 1351 1952 post
1375 1898 1423 1936 δᾶ
1445 1895 1609 1951 legeba-

145 1975 214 2006 tur
243 1968 462 2018 φοβοῦμαι.
522 1965 654 2005 Recte
682 1963 776 2005 libri
807 1963 1145 2005 Vindobonenses
1175 1963 1262 2004 duo
1291 1978 1342 2004 ex
1374 1963 1618 2019 conjectura*

143 2031 330 2088 quidam,
353 2040 401 2073 ut
420 2031 604 2083 videtur,
626 2031 866 2073 correctoris
885 2031 1060 2082 metrici,
1080 2031 1151 2072 sed
1179 2046 1228 2072 ea
1244 2030 1470 2080 verissima,
1492 2031 1612 2073 omit-

144 2109 240 2141 tunt
262 2099 409 2141 veteris
439 2099 551 2141 istud
582 2099 811 2141 scholiastae
837 2102 1056 2153 φοβοῦμαι,
1078 2114 1164 2155 quo
1193 2099 1318 2140 hodie
1345 2115 1427 2140 non
1453 2100 1611 2157 indige-

144 2182 237 2208 mus
256 2167 309 2208 ad
329 2166 631 2223 expediendam
654 2167 876 2209 verborum
897 2166 1260 2218 constructionem,
1282 2167 1402 2223 cujus
1421 2169 1611 2224 exempla

144 2234 176 2276 si
211 2234 306 2291 quis
335 2234 556 2285 desiderat,
589 2234 787 2277 Matthiae
814 2234 1121 2276 annotationem
1153 2234 1275 2276 adeat
1304 2235 1356 2276 ad
1387 2236 1610 2279 Hecubam

144 2302 362 2359 Euripidis
382 2318 421 2344 v.
443 2314 541 2357 950.

200 2372 298 2425 569.
319 2371 389 2412 τὸν
407 2370 830 2425 μυριωπὸν-βούταν]
847 2369 1112 2426 Nicephorus
1132 2370 1173 2411 in
1198 2372 1345 2427 Synes.
1361 2371 1413 2412 de
1435 2371 1608 2412 insomn.

144 2453 187 2494 p.
200 2450 299 2491 402.
321 2440 475 2480 Βούταν
494 2439 537 2479 δὲ
554 2441 670 2479 καλεῖ
681 2437 751 2478 τὸν
766 2438 972 2489 πανόπτην
987 2437 1140 2491 Ἀργον
1153 2439 1174 2478 ὁ
1195 2438 1378 2491 τραγικὸς
1394 2441 1607 2493 Αἰσχύλος,

144 2505 220 2557 ἦως
247 2507 460 2557 βούκολον,
492 2507 543 2549 ὡς
571 2506 855 2546 ἐπιστατοῦντα
880 2506 943 2546 καὶ
975 2506 1170 2556 ἑπόμενον
1194 2508 1239 2557 τῇ
1267 2504 1344 2546 Ἰοῖ
1370 2508 1417 2561 τῇ
1445 2508 1606 2559 θυγατρὶ

145 2578 214 2615 τοῦ
242 2572 413 2627 Ἰνάχου·
456 2572 570 2626 φέρει
603 2574 680 2626 γὰρ
714 2572 835 2623 αὐτὴν
868 2572 1071 2626 λέγουσαν
1103 2575 1260 2614 οὑτωσί·
1300 2577 1503 2625 φοβοῦμαι
1538 2574 1608 2615 τὸν

144 2640 344 2693 μυριωπὸν
377 2642 572 2693 εἰσορῶσα
604 2641 770 2692 βούταν.
832 2642 1042 2681 Caeterum
1079 2640 1189 2682 mille
1221 2641 1256 2681 ei
1292 2640 1434 2681 oculos
1464 2640 1609 2685 tribuit

147 2707 388 2764 AEscbylus,
410 2707 588 2749 Ovidius
609 2723 689 2748 non
713 2708 789 2748 nisi
808 2718 993 2757 centum,
1016 2709 1195 2749 Metam.
1219 2722 1256 2758 1,
1278 2709 1375 2762 625.

319 2776 501 2816 Centum
522 2774 751 2816 luminibus
770 2775 951 2816 cinctum
970 2785 1097 2831 caput
1119 2776 1264 2831 Argus
1285 2774 1476 2816 habebat.

150 2844 216 2884 Ita
235 2852 276 2884 et
298 2842 556 2884 Claudianus
574 2842 628 2884 de
646 2843 760 2885 laud.
784 2843 944 2884 Stilich.
962 2857 998 2893 1,
1018 2855 1118 2898 312.

319 2912 484 2966 Argum
504 2910 615 2951 fama
635 2910 758 2951 refert
780 2920 952 2952 centeno
973 2910 1129 2951 lumine
1148 2910 1328 2952 cinctum

320 2977 518 3034 Corporis
538 2978 721 3020 excubiis
744 2993 865 3019 unam
889 2979 1317 3035 servassejuvencam.
1384 2980 1605 3023 STANL.

877 3061 899 3086 Ι,
