1898 3256
359 253 448 294 AD
481 253 735 295 SEPTEM
766 251 1094 294 ADVERSUS
1129 251 1400 292 THEBAS.
1534 246 1614 290 163

153 362 395 405 Archilochi
424 380 566 407 versus
594 365 707 422 apud
740 365 852 406 Sext.
885 363 1046 420 Empir.
1073 363 1235 419 Hypot.
1257 374 1298 416 3,
1323 373 1390 413 24.
1423 359 1609 402 Brunck.

151 430 280 472 Anal.
305 444 339 473 1.
361 446 401 488 p.
421 445 490 485 40.
523 434 675 474 Horat.
697 434 835 474 Carm.
855 444 896 482 2,
918 444 958 486 7.
992 432 1214 471 Anacreon
1241 428 1356 485 apud
1377 427 1485 470 Atil.
1508 428 1613 469 For-

153 507 286 539 tunat.
307 499 360 540 de
381 500 544 550 Metris‚
567 500 711 542 Ursin.
734 515 776 556 p.
801 511 894 556 135.
915 498 1088 540 Ἀσπίδα
1110 495 1195 551 ῥῖψ’
1218 498 1259 541 ἐς
1278 501 1454 549 ποταμοῦ
1475 501 1612 538 καλλι-

150 566 245 617 ρόου
264 566 450 621 προχοάς.
483 568 711 609 BLOMF.

209 635 306 688 316.
339 636 583 686 ἐμβαλόντες
611 635 770 676 codices
800 645 841 676 et
863 634 971 676 Rob.
1018 632 1244 686 βάλλοντες
1265 631 1367 673 Ald.
1416 633 1612 683 βαλόντες

155 701 310 752 Turn„
333 702 403 743 sed
425 704 668 754 ἐμβαλόντες
686 702 793 743 inter
812 702 944 743 varias
963 701 1170 743 lectiones.

211 780 307 823 317.
339 770 502 822 ἄροισθε
521 773 646 818 κῦδος,
669 774 750 814 τοῖς
768 771 811 811 δὲ
830 770 1025 825 πολίταις]
1057 768 1331 810 Scribendum
1354 769 1516 821 ἄροισθε
1546 770 1610 808 κῦ-

153 838 219 878 δος
233 840 364 878 τοῖσδε
383 840 561 881 πολίταις
575 852 670 878 cum
688 837 943 879 Blomfieldo.
975 841 1002 862 “
1017 836 1287 878 Constructio
1302 836 1417 877 verbi
1434 837 1610 889 ἄροισθε,

153 917 250 958 quae
269 918 292 944 e
310 903 532 945 rarioribus
551 913 626 956 est,
645 904 797 946 scribas
815 903 976 945 fefellit.
1028 903 1257 959 AEschylus
1278 904 1513 944 Homerum
1536 918 1613 960 pro

155 984 268 1011 more
297 970 473 1026 respicit,
509 971 632 1013 Iliad.
668 977 721 1020 Δ,
749 985 817 1026 94.
849 972 1000 1023 Τλαίης
1034 988 1101 1012 κεν
1137 970 1334 1027 Μενελάῳ
1375 971 1613 1024 ἐπιπροέμεν

153 1037 278 1092 ταχὺν
298 1039 370 1079 ἰόν·
402 1042 511 1080 Πᾶσι
531 1039 575 1080 δέ
595 1056 638 1080 κε
652 1040 838 1092 Τρώεσσι
855 1037 973 1093 χάριν
989 1039 1052 1080 καὶ
1068 1042 1179 1082 κῦδος
1198 1039 1348 1092 ἄροιο.”
1379 1040 1609 1081 BLOMF.

211 1140 260 1182 31
272 1128 308 1168 8.
339 1129 516 1183 ῥυτῆρες]
549 1109 708 1183 ῥύτέρες
739 1130 805 1170 M.
857 1129 1007 1170 Veram
1040 1128 1285 1185 scripturam
1323 1130 1483 1182 ῥύτορες
1513 1145 1612 1180 esse,

155 1203 249 1251 post
267 1194 345 1236 hoc
361 1196 607 1237 vocabulum
623 1206 762 1238 autem
783 1196 888 1237 duas
908 1195 1106 1237 excidisse
1129 1196 1320 1253 syllabas,
1342 1212 1481 1238 versus
1510 1197 1615 1239 anti-

154 1262 351 1318 strophici
371 1263 622 1319 comparatio
642 1263 774 1304 docet.
829 1264 949 1304 Duas
968 1273 1107 1305 autem
1131 1263 1308 1320 syllabas
1327 1264 1417 1305 illas
1437 1265 1613 1321 impera-

155 1329 285 1371 tivum
307 1330 486 1387 aliquem
503 1330 629 1372 fuisse
646 1330 908 1371 manifestum
924 1340 1008 1372 est:
1042 1346 1127 1387 quo
1142 1331 1334 1373 restituto
1350 1332 1614 1374 scribendum

327 1415 392 1456 καὶ
410 1415 564 1458 πόλεως
582 1416 742 1468 ῥύτορες
764 1414 890 1456 ἔλθετ’
914 1416 1068 1468 εὔεδροί
1084 1433 1127 1457 τε
1149 1415 1320 1468 στάθητ’.

210 1527 739 1571 321-332=333-344-

211 1595 310 1638 321.
349 1582 412 1625 ὧδ’
450 1584 515 1625 Μ.
556 1591 598 1625 et
633 1592 833 1640 quattuor
871 1584 953 1625 alii.
1006 1584 1107 1636 τήνδ’
1142 1586 1284 1643 vulgo,
1319 1586 1432 1642 quod
1474 1601 1616 1644 super-

154 1651 352 1708 scriptum
373 1651 416 1692 in
438 1652 502 1693 M.

213 1720 403 1774 ὠγυγίαν]
433 1718 638 1773 Ὠγύγιος,
660 1720 958 1776 Perantz‘quus.
989 1719 1063 1761 Ab
1083 1722 1251 1777 Ogyge,
1272 1720 1404 1772 aiunt,
1425 1731 1617 1778 pervetu-

156 1796 220 1828 sto
249 1786 314 1828 vel
334 1787 504 1838 Atticae,
527 1786 593 1828 vel
614 1786 875 1838 Thebarum,
897 1787 961 1828 vel
996 1789 1064 1840 (ut
1094 1787 1219 1829 schol.
1250 1788 1427 1830 Hesiod.
1450 1789 1613 1846 Theog.

156 1869 200 1911 p.
229 1856 348 1909 296.)
378 1855 565 1896 Deorum
595 1869 707 1910 rege,
739 1855 912 1910 antiqua
944 1855 1084 1896 omnia
1121 1867 1163 1897 et
1200 1857 1432 1898 veneranda
1466 1858 1617 1911 ὠγύγια

156 1921 414 1963 dicebantur.
465 1921 533 1964 Cf.
556 1923 670 1964 Pers.
694 1933 761 1976 71.
791 1923 889 1978 967.
922 1924 1101 1964 Eumen.
1128 1936 1250 1978 1034.
1286 1925 1480 1981 Sophocl.
1512 1926 1614 1967 Phi-

158 1990 253 2031 loct.
279 2003 372 2045 143.
393 1989 564 2031 Pindar.
586 1991 707 2031 Nem.
731 1991 773 2040 6,
797 1999 866 2046 73.
886 1990 1036 2046 Epigr.
1068 1990 1109 2031 in
1137 1991 1369 2049 Antholog.
1391 2006 1434 2048 3,
1458 2003 1524 2048 25,
1545 1995 1616 2046 46.

160 2057 382 2114 Spanhem.
402 2057 456 2099 ad
479 2057 718 2099 callimach.
739 2059 838 2100 Jov.
860 2071 922 2111 14.
956 2059 1187 2101 BLOMF.

214 2137 314 2180 322.
343 2124 475 2180 Ἀίδα]
511 2126 602 2166 ἄϊδα
633 2124 791 2182 aliquot
819 2125 941 2168 codd.
974 2135 1014 2168 et
1044 2126 1147 2168 Ald.
1179 2127 1292 2169 Rob.
1337 2127 1446 2170 Ἀϊδι
1477 2130 1615 2171 Turn.

159 2192 283 2244 Quod
305 2192 378 2248 qui
399 2192 558 2249 scripsit
579 2193 754 2234 Homeri
776 2209 918 2235 versus
938 2209 1096 2236 memor
1116 2195 1198 2236 fuit
1221 2195 1273 2237 ΙΙ.
1296 2199 1346 2246 A,
1368 2209 1409 2249 3.

214 2272 456 2316 323—329.
493 2261 646 2302 Versus
682 2260 725 2302 in
764 2261 864 2303 Ald.
907 2262 963 2304 sic
997 2262 1129 2314 divisi,
1166 2263 1288 2305 ὑπ’-
1313 2263 1320 2320 Ι
1347 2265 1591 2320 ἀτίμως-Ι

159 2327 308 2371 νέας-
332 2327 339 2385 Ι
364 2328 810 2382 πλοκάμων-φαρέων.

215 2408 314 2450 323.
338 2397 501 2437 δουλίαν
520 2398 622 2437 Ven.
645 2411 712 2453 ap.
735 2397 985 2438 Burtonum.
1018 2400 1202 2439 δουλείαν
1222 2397 1361 2453 vulgo.

216 2475 314 2517 324.
336 2463 474 2515 ἀνδρὸς
490 2462 672 2519 Ἀχαιοῦ]
698 2464 940 2506 Exercitum
964 2465 1211 2522 Argivorum
1234 2465 1344 2506 dicit.

218 2536 315 2590 326.
336 2535 636 2590 κεχειρωμένας]
662 2528 935 2590 κεχῗίρωμένας
955 2538 1018 2578 Μ.

218 2612 316 2655 327.
348 2601 370 2643 ἓ
390 2601 410 2643 ἒ
429 2602 494 2643 Μ.
515 2601 667 2659 aliique
686 2603 889 2645 nonnulli.
936 2604 954 2646 ἓ
976 2604 996 2646 ἓ
1017 2605 1036 2646 ἓ
1056 2604 1199 2659 vulgo.
1245 2605 1336 2648 νέας
1365 2605 1613 2661 monosylla-

163 2668 263 2710 bum
283 2678 355 2710 est.

219 2748 315 2791 330.
337 2736 610 2792 ἐκκενουμένα]
631 2738 888 2791 ἐκκενουμένη
910 2739 1011 2780 Ald.
1034 2739 1145 2780 Rob.

223 2814 316 2856 331.
336 2802 487 2858 λαΐδος]
510 2803 644 2854 ληΐδος
662 2804 820 2860 aliquot
838 2805 959 2847 codd.
980 2815 1022 2847 et
1038 2805 1141 2847 Ald.
1164 2806 1302 2846 Turn.
1334 2807 1450 2856 ληίας
1469 2821 1614 2864 margo

171 2867 239 2908 M.
282 2869 398 2910 Male
427 2884 500 2926 per
528 2873 630 2912 λαοῦ
663 2871 839 2927 explicat
868 2872 1086 2914 scholiasta
1119 2872 1341 2914 recentior:
1373 2883 1483 2915 recte
1507 2875 1613 2917 anti-

174 2931 297 2986 quior,
317 2939 451 2989 θρηνεῖ
476 2939 519 2978 δὲ
537 2938 562 2989 ἡ
579 2938 695 2981 πόλις
724 2939 994 2991 ἐκκενουμένη,
1016 2942 1083 2991 τῆς
1101 2939 1248 2988 λαΐδος,
1270 2941 1358 2982 ἀντὶ
1377 2944 1445 2983 τοῦ
1463 2943 1610 2994 ληΐδος,

176 3000 294 3052 ἥγσνν
315 3006 379 3055 τῆς
407 3005 531 3055 λείας,
554 3005 731 3046 τουτέστι
761 3009 838 3047 τῶν
862 3011 1047 3057 πολιτῶν,
1069 3008 1290 3060 ὀλλυμένης
1321 3010 1383 3052 καὶ
1406 3012 1614 3064 φθειρομέ-

852 3088 881 3114 Χ
906 3085 928 3114 2
