1898 3256
360 244 418 285 60
831 248 1324 289 ANNOTATIONES

362 353 528 406 librarii,
549 357 620 413 qui
640 366 808 415 propter
828 358 1006 399 vicinum
1033 360 1158 411 ἰατροί
1172 359 1224 399 ad
1245 358 1347 399 illud
1362 357 1531 398 verbum
1551 355 1790 403 aberrasset,

362 421 520 480 illatum
542 439 640 474 esse,
664 424 908 480 AEschylum
930 439 1026 465 vero
1046 426 1162 477 ὀργῆς
1192 425 1348 475 ζεούσης
1377 421 1579 478 scripsisse
1607 419 1790 461 credam:

362 489 475 543 quod
494 490 626 545 ipsum
648 505 696 531 ex
725 491 766 531 vi
795 491 1004 532 sententiae
1032 490 1168 546 posuit
1189 489 1444 531 Themistius
1467 497 1567 529 orat.
1590 498 1628 535 7.
1659 500 1698 541 p.
1721 485 1788 539 98.

363 555 569 607 φάρμακον
595 559 637 597 δὲ
663 559 779 610 ὀργῆς
808 559 1048 608 οἰδαινούσης
1076 557 1120 598 τὸ
1142 558 1215 608 μὲν
1238 557 1371 597 αὐτίκα
1399 555 1520 607 λόγος
1550 552 1671 600 ἐστὶν,
1692 549 1722 606 ᾧ
1742 551 1793 591 σὺ

362 616 567 672 τηνικαῦτα
602 624 792 675 ἐπράῦνας
829 623 1106 676 σφαδάζουσαν
1140 624 1201 664 καὶ
1237 622 1402 671 ζέουσαν
1433 621 1502 662 ἔτι.
1551 620 1702 659 Versus
1740 631 1790 657 ex

362 688 563 744 AEschylo
582 689 634 730 ab
653 690 816 730 Stobaeo
835 690 982 731 citatus
1011 689 1152 730 Floril.
1175 702 1242 739 20,
1268 701 1334 742 13.
1356 690 1472 741 ὀργῆς
1499 684 1663 738 ματαίας
1692 684 1792 725 εἰσὶν

363 755 476 794 αἵτιοι
505 754 630 808 λόγοι,
651 769 733 796 non
762 755 890 811 liquet
913 765 1050 796 utrum
1081 770 1131 796 ex
1160 757 1251 796 loco
1271 752 1506 795 Promethei
1525 752 1710 792 detortus
1739 763 1789 789 an

360 819 525 861 aliunde
545 831 704 862 sumtus
724 822 786 862 sit.

415 895 513 939 379.
541 886 770 941 μαλθάσσῃ]
798 887 982 938 μαλθάσῃ
1009 887 1110 928 Ald.
1143 887 1252 928 Rob.
1285 895 1326 927 et
1354 886 1509 940 aliquot
1537 881 1658 924 codd.
1685 881 1792 921 inter

359 965 463 1005 quos
492 953 559 991 M.
596 957 622 976 “
637 953 737 993 Huc
766 954 962 1008 respicere
981 953 1143 993 videtur
1162 967 1303 994 versus
1330 967 1396 1007 ap.
1419 950 1542 992 schol.
1563 951 1706 990 Venet.
1737 945 1789 987 ad

361 1017 414 1057 Il.
436 1021 483 1067 A,
508 1030 602 1071 207.
625 1019 669 1059 τὸ
691 1023 922 1072 Σφριγῶντα
943 1019 1063 1071 θυμὸν
1081 1023 1270 1070 μαλακοῖς
1289 1020 1391 1058 ἰᾶται
1409 1016 1554 1070 λόγοις.
1587 1015 1656 1056 ubi
1684 1023 1791 1054 recte

358 1082 579 1124 Elmsleius
597 1085 771 1135 μαλακὸς
791 1087 892 1126 ἰᾶται
910 1084 1067 1138 λόγος.”
1098 1085 1325 1126 BLOMF.

413 1151 510 1204 380.
536 1151 779 1206 σφριγῶντα]
799 1155 1008 1204 σφυδῶντα
1028 1152 1091 1191 Μ.

415 1217 614 1272 ἰσχναίνῃ]
636 1219 828 1270 ἷσχναίνει
848 1218 912 1257 Μ.
963 1217 1049 1258 Alii
1070 1216 1253 1258 nonnulli
1275 1217 1444 1270 ἰσχαίνῃ.

411 1283 508 1336 381.
537 1287 819 1335 προμηθεῖσθαι
838 1285 946 1324 A.B.
966 1283 1116 1338 aliique
1145 1282 1329 1324 nonnulli
1358 1290 1398 1322 et
1423 1281 1530 1321 Rob.
1582 1279 1789 1333 Plerique,

356 1348 461 1389 inter
480 1365 584 1404 quos
605 1351 687 1399 M„
707 1354 986 1402 προθυμεῖσθαι
1007 1360 1053 1391 ut
1073 1350 1170 1391 Ald.
1193 1361 1230 1390 et
1253 1351 1387 1390 Turn.

411 1416 509 1469 384.
531 1416 644 1467 τήνδε
664 1416 734 1466 τὴν
754 1415 874 1457 νόσον
895 1417 1079 1466 Barocc.‚
1098 1431 1222 1472 supra
1240 1429 1400 1456 versum
1419 1415 1470 1463 B,
1489 1415 1623 1454 Turn.
1641 1411 1783 1467 Steph.

357 1480 474 1522 Libri
492 1481 636 1536 reliqui
656 1485 747 1538 τῇδε
766 1485 811 1538 τῇ
832 1482 948 1538 νόσῳ.

410 1548 465 1601 38
467 1557 509 1601 5.
541 1551 669 1588 δοκεῖν
703 1547 880 1601 φρονεῖν]
915 1551 1077 1599 φρονεῖν
1112 1550 1240 1587 δοκεῖν
1278 1545 1435 1600 aliquot
1472 1542 1642 1591 codices,
1682 1541 1788 1582 inter

354 1627 457 1668 quos
477 1614 542 1654 M.

410 1680 506 1734 388.
539 1679 672 1734 οὑμὸς]
707 1680 797 1731 ἐμὸς
828 1679 957 1721 codex
992 1679 1191 1720 Arundel.
1227 1688 1267 1719 et
1301 1677 1402 1718 Ald.
1443 1681 1470 1701 “
1487 1679 1625 1729 θρῆνος
1658 1675 1785 1727 οὑμὸς,

354 1746 488 1787 Dolor
501 1747 548 1786 ob
563 1759 625 1786 me
639 1752 865 1802 susceptus,
883 1755 930 1787 ut
944 1746 1014 1797 τὴν
1030 1745 1124 1796 ἐμὴν
1141 1747 1248 1794 αἰδῶ,
1266 1745 1378 1784 Pers.
1397 1743 1494 1797 698.
1516 1744 1567 1798 σῇ
1587 1742 1703 1797 ποθῇ,
1718 1756 1785 1796 ap.

355 1813 530 1853 Homer.
559 1812 611 1852 Il.
638 1816 684 1853 T.
715 1825 813 1866 321.
841 1813 981 1864 τούμοῦ
1015 1811 1148 1859 πόθου,
1180 1810 1371 1866 Sophocl.
1399 1809 1502 1850 OEd.
1530 1810 1583 1849 T.
1606 1810 1701 1863 969.
1733 1810 1787 1861 τῷ

354 1878 423 1934 ’μῷ
461 1878 580 1934 πόθῳ,
612 1879 714 1920 OEd.
741 1881 790 1919 C.
819 1892 869 1934 33
878 1891 911 1919 2.
946 1880 998 1930 σῇ
1029 1878 1233 1932 προμηθίᾳ,
1263 1876 1361 1917 ibid.
1387 1889 1485 1930 419.
1519 1879 1603 1918 σοῖς
1638 1873 1785 1922 πόθοις,

358 1959 431 1997 141
443 1958 480 1987 2.
502 1949 566 1996 τῆς
586 1947 676 1997 ἐμῆς
695 1947 917 1998 ὑπουργίας,
939 1945 1114 1985 Aristot.
1131 1945 1290 1999 Hymn.
1306 1942 1357 1983 ad
1375 1942 1524 1983 Virtut.
1542 1940 1654 1996 apud
1673 1940 1786 1980 Stob.

355 2027 395 2067 p.
418 2022 454 2065 7.
486 2014 648 2066 προνοίᾳ
675 2015 721 2063 τῇ
753 2014 816 2068 σῇ,
837 2012 984 2067 Eurip.
1008 2010 1209 2051 Androm.
1232 2011 1329 2050 660.
1361 2009 1567 2062 δυσμενείᾳ
1590 2010 1656 2062 σῇ,
1678 2005 1786 2062 Hip-

354 2078 437 2133 pol.
461 2080 580 2133 962.''
611 2079 839 2119 BLOMF.

410 2145 507 2199 389.
541 2148 720 2186 θακοῦντι
750 2145 872 2185 Β.Μ.
894 2144 1044 2199 aliique
1073 2141 1257 2183 nonnulli
1287 2152 1327 2181 et
1349 2141 1456 2181 Rob.
1508 2139 1673 2194 Reliqui
1699 2155 1787 2188 xpo»

354 2213 482 2252 τοῦντι
500 2226 592 2252 cum
613 2211 714 2251 Ald.
735 2212 871 2252 Turn.

410 2289 508 2331 391.
529 2277 723 2331 ξυμφορὰ]
743 2279 925 2329 συμφορὰ
943 2275 1049 2316 libri.

410 2355 509 2397 393.
531 2341 714 2396 ἐθῶϋξας]
736 2343 952 2392 ἐπεθώῢξας
969 2341 1125 2396 aliquot
1144 2338 1263 2381 codd.
1283 2348 1323 2379 et
1344 2338 1445 2379 Ald.

412 2422 507 2464 394.
528 2408 669 2461 λευρὸν
687 2410 762 2461 γὰρ
782 2408 908 2462 οἶμον]
928 2412 1076 2459 λευρῶν
1096 2409 1170 2460 γὰρ
1191 2408 1310 2457 οἵμων
1331 2406 1432 2445 Ven.
1456 2417 1493 2445 2.
1514 2412 1554 2444 et
1577 2403 1685 2444 Rob.

411 2476 549 2528 ψαίρει
569 2475 619 2516 Β.
642 2474 682 2515 in
704 2474 884 2530 margine
904 2483 944 2515 et
964 2475 1097 2514 Turn.
1131 2472 1248 2513 Libri
1269 2471 1413 2526 reliqui
1433 2472 1567 2524 ψαύει,
1585 2470 1659 2511 nisi
1675 2469 1786 2525 quod

356 2546 465 2572 unus
482 2532 620 2584 ψαύοι,
642 2540 687 2572 ut
708 2530 810 2572 Ald.

413 2600 557 2651 ψαίρω,
572 2598 688 2639 rado.
721 2598 858 2638 Schol.
872 2596 1052 2652 Oppian.
1068 2595 1164 2636 Hal.
1179 2606 1217 2642 2,
1238 2608 1254 2634 1
1267 2605 1329 2647 15.
1344 2593 1388 2633 τὸ
1404 2594 1563 2645 ψαίρειν
1579 2593 1712 2643 κυρίως
1725 2593 1789 2632 ἐπὶ

357 2668 425 2706 τοῦ
440 2667 578 2714 ἱστίου,
599 2666 665 2706 ὅτε
682 2664 734 2716 μὴ
755 2665 916 2706 εὐπλοεῖ
929 2661 1079 2716 εὐφόρῳ
1095 2660 1234 2715 ἀνέμῳ.
1271 2659 1415 2714 Virgil.
1430 2659 1562 2699 Radit
1576 2659 1656 2698 iter
1667 2658 1787 2713 liqui-

356 2732 467 2772 dum.
488 2746 606 2771 sensu
628 2730 811 2786 paullum
832 2730 991 2770 diverso
1010 2743 1034 2768 a
1050 2726 1158 2780 ψάω,
1180 2726 1241 2767 vel
1262 2729 1378 2778 ψῆμι,
1392 2734 1432 2765 et
1451 2726 1582 2777 ψαύω,
1596 2723 1670 2764 etsi
1690 2738 1785 2763 ean-

357 2799 450 2839 dem
467 2798 656 2838 omnibus
675 2805 914 2852 potestatem
928 2794 1072 2835 tribuit
1083 2792 1278 2834 Valcken.
1293 2791 1344 2832 ad
1362 2789 1562 2832 Phoeniss.
1582 2801 1701 2844 1309.
1717 2803 1786 2829 cu-

350 2864 423 2921 jus
444 2874 580 2904 notam
601 2863 766 2903 omnino
785 2861 919 2903 adeas.
966 2859 1139 2915 Anglice
1159 2858 1344 2899 verterim
1375 2857 1467 2910 ψάω
1495 2869 1651 2910 serape,
1670 2855 1786 2907 ψαύω

358 2931 486 2981 touch,
503 2932 773 2985 ψαίρωὲνακε
786 2928 846 2969 vel
864 2942 973 2967 raze.
1004 2924 1285 2980 Compositum
1301 2925 1491 2975 διαψαίρω
1503 2921 1675 2963 occurrit
1691 2921 1788 2962 Ari-
