<?xml version="1.0" encoding="UTF-8"?>
<!DOCTYPE html PUBLIC "-//W3C//DTD XHTML 1.0 Transitional//EN"
    "http://www.w3.org/TR/xhtml1/DTD/xhtml1-transitional.dtd">
<html xmlns="http://www.w3.org/1999/xhtml" xml:lang="en" lang="en">
 <head>
  <title>
</title>
<meta http-equiv="Content-Type" content="text/html;charset=utf-8" />
  <meta name='ocr-system' content='tesseract 3.04.00' />
  <meta name='ocr-capabilities' content='ocr_page ocr_carea ocr_par ocr_line ocrx_word'/>
</head>
<body>
  <div class='ocr_page' id='page_1' title='image "./tragoediaesupers02aescuoft_0093.png"; bbox 0 0 1898 3256; ppageno 0'>
   <div class='ocr_carea' id='block_1_1' title="bbox 560 210 1593 254">
    <p class='ocr_par' dir='ltr' id='par_1_1' title="bbox 560 210 1593 254">
     <span class='ocr_line' id='line_1_1' title="bbox 560 210 1593 254; baseline -0.002 1"><span class='ocrx_word' id='word_1_1' title='bbox 560 212 650 254; x_wconf 86' lang='lat' dir='ltr'>AD</span> <span class='ocrx_word' id='word_1_2' title='bbox 682 210 1159 254; x_wconf 85' lang='lat' dir='ltr'>PROMETHEUM.</span> <span class='ocrx_word' id='word_1_3' title='bbox 1536 211 1593 253; x_wconf 83' lang='lat'>89</span> 
     </span>
    </p>
   </div>
   <div class='ocr_carea' id='block_1_2' title="bbox 134 322 1592 787">
    <p class='ocr_par' dir='ltr' id='par_1_2' title="bbox 189 322 1376 384">
     <span class='ocr_line' id='line_1_2' title="bbox 189 322 1376 384; baseline -0.002 -18"><span class='ocrx_word' id='word_1_4' title='bbox 189 326 288 378; x_wconf 91' lang='lat'>684.</span> <span class='ocrx_word' id='word_1_5' title='bbox 310 327 463 384; x_wconf 88' lang='grc' dir='ltr'>πόνων]</span> <span class='ocrx_word' id='word_1_6' title='bbox 482 328 610 368; x_wconf 71' lang='grc' dir='ltr'>’πόνον</span> <span class='ocrx_word' id='word_1_7' title='bbox 630 327 695 367; x_wconf 94' lang='grc' dir='ltr'>Μ.</span> <span class='ocrx_word' id='word_1_8' title='bbox 717 324 870 381; x_wconf 88' lang='lat' dir='ltr'>aliique</span> <span class='ocrx_word' id='word_1_9' title='bbox 889 322 1089 365; x_wconf 86' lang='lat' dir='ltr'>nonnulli.</span> <span class='ocrx_word' id='word_1_10' title='bbox 1120 324 1245 365; x_wconf 89' lang='grc' dir='ltr'>πόνου</span> <span class='ocrx_word' id='word_1_11' title='bbox 1265 322 1376 364; x_wconf 86' lang='lat' dir='ltr'>Rob.</span> 
     </span>
    </p>

    <p class='ocr_par' dir='ltr' id='par_1_3' title="bbox 188 393 643 449">
     <span class='ocr_line' id='line_1_3' title="bbox 188 393 643 449; baseline 0.004 -5"><span class='ocrx_word' id='word_1_12' title='bbox 188 393 287 444; x_wconf 81' lang='grc' dir='ltr'>μηδέ</span> <span class='ocrx_word' id='word_1_13' title='bbox 305 395 362 449; x_wconf 82' lang='grc' dir='ltr'>μ’]</span> <span class='ocrx_word' id='word_1_14' title='bbox 386 393 471 447; x_wconf 82' lang='grc' dir='ltr'>μηδ’</span> <span class='ocrx_word' id='word_1_15' title='bbox 494 393 551 446; x_wconf 72' lang='grc' dir='ltr'>ἔμ’</span> <span class='ocrx_word' id='word_1_16' title='bbox 574 394 643 434; x_wconf 87' lang='grc' dir='ltr'>Μ·</span> 
     </span>
    </p>

    <p class='ocr_par' dir='ltr' id='par_1_4' title="bbox 189 457 1565 516">
     <span class='ocr_line' id='line_1_4' title="bbox 189 457 1565 516; baseline -0.004 -15"><span class='ocrx_word' id='word_1_17' title='bbox 189 461 285 513; x_wconf 90' lang='grc'><strong><em>687.</em></strong></span> <span class='ocrx_word' id='word_1_18' title='bbox 309 461 356 503; x_wconf 87' lang='grc' dir='ltr'>ἔα</span> <span class='ocrx_word' id='word_1_19' title='bbox 376 462 435 510; x_wconf 84' lang='grc' dir='ltr'>ἔα,</span> <span class='ocrx_word' id='word_1_20' title='bbox 456 462 583 516; x_wconf 83' lang='grc' dir='ltr'>ἄπεχε</span> <span class='ocrx_word' id='word_1_21' title='bbox 602 460 698 515; x_wconf 84' lang='grc' dir='ltr'>φεῦ]</span> <span class='ocrx_word' id='word_1_22' title='bbox 722 458 908 515; x_wconf 86' lang='lat' dir='ltr'>Dipodia</span> <span class='ocrx_word' id='word_1_23' title='bbox 926 457 1103 499; x_wconf 87' lang='lat' dir='ltr'>iambica</span> <span class='ocrx_word' id='word_1_24' title='bbox 1121 471 1217 499; x_wconf 89' lang='lat' dir='ltr'>cum</span> <span class='ocrx_word' id='word_1_25' title='bbox 1238 471 1386 512; x_wconf 82' lang='lat' dir='ltr'>paeone</span> <span class='ocrx_word' id='word_1_26' title='bbox 1404 463 1565 511; x_wconf 83' lang='lat' dir='ltr'>quarto.</span> 
     </span>
    </p>

    <p class='ocr_par' dir='ltr' id='par_1_5' title="bbox 134 523 1592 638">
     <span class='ocr_line' id='line_1_5' title="bbox 188 523 1592 584; baseline -0.003 -16"><span class='ocrx_word' id='word_1_27' title='bbox 188 529 287 570; x_wconf 90' lang='lat'>688.</span> <span class='ocrx_word' id='word_1_28' title='bbox 318 528 449 572; x_wconf 80' lang='grc' dir='ltr'>οὔποτ’</span> <span class='ocrx_word' id='word_1_29' title='bbox 475 528 623 584; x_wconf 82' lang='grc' dir='ltr'>οὔποτ’]</span> <span class='ocrx_word' id='word_1_30' title='bbox 654 526 846 570; x_wconf 81' lang='grc' dir='ltr'>οὐπώποτ’</span> <span class='ocrx_word' id='word_1_31' title='bbox 877 525 1070 568; x_wconf 79' lang='grc' dir='ltr'>οὐπώποτ’</span> <span class='ocrx_word' id='word_1_32' title='bbox 1097 524 1200 567; x_wconf 92' lang='lat' dir='ltr'>Ald.</span> <span class='ocrx_word' id='word_1_33' title='bbox 1232 525 1369 566; x_wconf 85' lang='lat' dir='ltr'>Turn.</span> <span class='ocrx_word' id='word_1_34' title='bbox 1402 533 1443 565; x_wconf 85' lang='lat' dir='ltr'>et</span> <span class='ocrx_word' id='word_1_35' title='bbox 1472 523 1592 565; x_wconf 88' lang='lat' dir='ltr'><strong>codd.</strong></span> 
     </span>
     <span class='ocr_line' id='line_1_6' title="bbox 134 596 334 638; baseline 0.02 -4"><span class='ocrx_word' id='word_1_36' title='bbox 134 596 334 638; x_wconf 87' lang='lat' dir='ltr'>nonnulli.</span> 
     </span>
    </p>

    <p class='ocr_par' dir='ltr' id='par_1_6' title="bbox 189 660 1268 719">
     <span class='ocr_line' id='line_1_7' title="bbox 189 660 1268 719; baseline -0.001 -15"><span class='ocrx_word' id='word_1_37' title='bbox 189 664 353 719; x_wconf 82' lang='grc' dir='ltr'>ηὔχουν]</span> <span class='ocrx_word' id='word_1_38' title='bbox 373 665 552 718; x_wconf 81' lang='grc' dir='ltr'>ηὐχόμην</span> <span class='ocrx_word' id='word_1_39' title='bbox 571 663 686 705; x_wconf 87' lang='lat' dir='ltr'>Rob.</span> <span class='ocrx_word' id='word_1_40' title='bbox 707 673 750 704; x_wconf 91' lang='lat' dir='ltr'>et</span> <span class='ocrx_word' id='word_1_41' title='bbox 769 662 901 704; x_wconf 84' lang='lat' dir='ltr'>codex</span> <span class='ocrx_word' id='word_1_42' title='bbox 922 663 1061 703; x_wconf 90' lang='lat' dir='ltr'>Oxon.</span> <span class='ocrx_word' id='word_1_43' title='bbox 1085 660 1268 703; x_wconf 86' lang='lat' dir='ltr'>Stanleii.</span> 
     </span>
    </p>

    <p class='ocr_par' dir='ltr' id='par_1_7' title="bbox 191 729 1277 787">
     <span class='ocr_line' id='line_1_8' title="bbox 191 729 1277 787; baseline -0.002 -15"><span class='ocrx_word' id='word_1_44' title='bbox 191 733 287 786; x_wconf 92' lang='lat'><strong>690.</strong></span> <span class='ocrx_word' id='word_1_45' title='bbox 310 731 371 787; x_wconf 80' lang='grc' dir='ltr'>ἐς]</span> <span class='ocrx_word' id='word_1_46' title='bbox 396 731 666 773; x_wconf 82' lang='lat' dir='ltr'>Scribendum</span> <span class='ocrx_word' id='word_1_47' title='bbox 690 732 745 774; x_wconf 81' lang='grc' dir='ltr'>εἰς</span> <span class='ocrx_word' id='word_1_48' title='bbox 763 740 805 772; x_wconf 89' lang='lat' dir='ltr'>et</span> <span class='ocrx_word' id='word_1_49' title='bbox 824 745 966 772; x_wconf 88' lang='lat' dir='ltr'>versus</span> <span class='ocrx_word' id='word_1_50' title='bbox 986 730 1043 772; x_wconf 89' lang='lat' dir='ltr'>sic</span> <span class='ocrx_word' id='word_1_51' title='bbox 1063 729 1277 771; x_wconf 86' lang='lat' dir='ltr'>dividendi</span> 
     </span>
    </p>
   </div>
   <div class='ocr_carea' id='block_1_3' title="bbox 302 823 1032 946">
    <p class='ocr_par' dir='ltr' id='par_1_8' title="bbox 302 823 1032 946">
     <span class='ocr_line' id='line_1_9' title="bbox 303 823 910 880; baseline 0.002 -14"><span class='ocrx_word' id='word_1_52' title='bbox 303 826 436 867; x_wconf 83' lang='grc' dir='ltr'>οὔποτ’</span> <span class='ocrx_word' id='word_1_53' title='bbox 455 824 586 867; x_wconf 86' lang='grc' dir='ltr'>οὔποτ’</span> <span class='ocrx_word' id='word_1_54' title='bbox 607 826 756 880; x_wconf 77' lang='grc' dir='ltr'>ηὔχουν</span> <span class='ocrx_word' id='word_1_55' title='bbox 775 823 910 876; x_wconf 83' lang='grc' dir='ltr'>ξένους</span> 
     </span>
     <span class='ocr_line' id='line_1_10' title="bbox 302 893 1032 946; baseline -0.003 -12"><span class='ocrx_word' id='word_1_56' title='bbox 302 896 515 944; x_wconf 82' lang='grc' dir='ltr'>μολεῖσθαι</span> <span class='ocrx_word' id='word_1_57' title='bbox 534 894 681 946; x_wconf 84' lang='grc' dir='ltr'>λόγους</span> <span class='ocrx_word' id='word_1_58' title='bbox 702 894 757 935; x_wconf 78' lang='grc' dir='ltr'>εἰς</span> <span class='ocrx_word' id='word_1_59' title='bbox 776 893 901 933; x_wconf 81' lang='grc' dir='ltr'>ἀκοὰν</span> <span class='ocrx_word' id='word_1_60' title='bbox 922 893 1032 943; x_wconf 78' lang='grc' dir='ltr'>ἐμάν.</span> 
     </span>
    </p>
   </div>
   <div class='ocr_carea' id='block_1_4' title="bbox 131 992 1598 1383">
    <p class='ocr_par' dir='ltr' id='par_1_9' title="bbox 133 992 1593 1117">
     <span class='ocr_line' id='line_1_11' title="bbox 189 992 1593 1048; baseline -0.001 -14"><span class='ocrx_word' id='word_1_61' title='bbox 189 994 428 1048; x_wconf 77' lang='grc'>690-693,</span> <span class='ocrx_word' id='word_1_62' title='bbox 460 993 615 1034; x_wconf 88' lang='lat' dir='ltr'><strong>Versus</strong></span> <span class='ocrx_word' id='word_1_63' title='bbox 649 993 690 1034; x_wconf 91' lang='lat' dir='ltr'>in</span> <span class='ocrx_word' id='word_1_64' title='bbox 725 992 821 1033; x_wconf 90' lang='lat' dir='ltr'>edd.</span> <span class='ocrx_word' id='word_1_65' title='bbox 859 1002 958 1034; x_wconf 87' lang='lat' dir='ltr'>vett.</span> <span class='ocrx_word' id='word_1_66' title='bbox 995 993 1051 1034; x_wconf 89' lang='lat' dir='ltr'>sic</span> <span class='ocrx_word' id='word_1_67' title='bbox 1085 992 1206 1034; x_wconf 87' lang='lat' dir='ltr'>divisi</span> <span class='ocrx_word' id='word_1_68' title='bbox 1241 994 1339 1036; x_wconf 82' lang='grc' dir='ltr'>ἐς-</span> <span class='ocrx_word' id='word_1_69' title='bbox 1365 992 1371 1048; x_wconf 89' lang='grc' dir='ltr'>Ι</span> <span class='ocrx_word' id='word_1_70' title='bbox 1400 994 1463 1034; x_wconf 87' lang='grc' dir='ltr'>καὶ</span> <span class='ocrx_word' id='word_1_71' title='bbox 1502 993 1593 1033; x_wconf 89' lang='grc' dir='ltr'>δύσ-</span> 
     </span>
     <span class='ocr_line' id='line_1_12' title="bbox 133 1060 683 1117; baseline 0 -15"><span class='ocrx_word' id='word_1_72' title='bbox 133 1078 307 1102; x_wconf 81' lang='grc' dir='ltr'>οιστα-</span> <span class='ocrx_word' id='word_1_73' title='bbox 331 1060 338 1117; x_wconf 97' lang='grc' dir='ltr'>Ι</span> <span class='ocrx_word' id='word_1_74' title='bbox 366 1061 683 1117; x_wconf 71' lang='grc' dir='ltr'>κέντρῳ-ἐμάν,</span> 
     </span>
    </p>

    <p class='ocr_par' dir='ltr' id='par_1_10' title="bbox 190 1130 572 1184">
     <span class='ocr_line' id='line_1_13' title="bbox 190 1130 572 1184; baseline -0.003 -14"><span class='ocrx_word' id='word_1_75' title='bbox 190 1131 288 1184; x_wconf 91' lang='lat'>691.</span> <span class='ocrx_word' id='word_1_76' title='bbox 313 1130 376 1170; x_wconf 85' lang='grc' dir='ltr'>καὶ</span> <span class='ocrx_word' id='word_1_77' title='bbox 395 1144 480 1170; x_wconf 90' lang='lat' dir='ltr'>om.</span> <span class='ocrx_word' id='word_1_78' title='bbox 504 1130 572 1170; x_wconf 89' lang='lat' dir='ltr'>M.</span> 
     </span>
    </p>

    <p class='ocr_par' dir='ltr' id='par_1_11' title="bbox 131 1195 1598 1383">
     <span class='ocr_line' id='line_1_14' title="bbox 190 1195 1598 1252; baseline -0.001 -14"><span class='ocrx_word' id='word_1_79' title='bbox 190 1199 290 1251; x_wconf 79' lang='lat'>692.</span> <span class='ocrx_word' id='word_1_80' title='bbox 319 1198 418 1252; x_wconf 83' lang='lat'>693.</span> <span class='ocrx_word' id='word_1_81' title='bbox 449 1197 619 1249; x_wconf 80' lang='grc' dir='ltr'>πήματα,</span> <span class='ocrx_word' id='word_1_82' title='bbox 652 1198 822 1249; x_wconf 86' lang='grc' dir='ltr'>λύματα,</span> <span class='ocrx_word' id='word_1_83' title='bbox 859 1195 1005 1248; x_wconf 85' lang='grc' dir='ltr'>δείματ’</span> <span class='ocrx_word' id='word_1_84' title='bbox 1042 1197 1214 1250; x_wconf 81' lang='grc' dir='ltr'>ἀμφήκει</span> <span class='ocrx_word' id='word_1_85' title='bbox 1239 1195 1246 1252; x_wconf 97' lang='grc' dir='ltr'>Ι</span> <span class='ocrx_word' id='word_1_86' title='bbox 1274 1196 1418 1252; x_wconf 82' lang='grc' dir='ltr'>κέντρῳ</span> <span class='ocrx_word' id='word_1_87' title='bbox 1448 1197 1598 1250; x_wconf 80' lang='grc' dir='ltr'>ψύχειν</span> 
     </span>
     <span class='ocr_line' id='line_1_15' title="bbox 131 1263 1598 1321; baseline -0.001 -15"><span class='ocrx_word' id='word_1_88' title='bbox 131 1267 271 1319; x_wconf 80' lang='grc' dir='ltr'>ψυχὰν</span> <span class='ocrx_word' id='word_1_89' title='bbox 292 1265 410 1320; x_wconf 81' lang='grc' dir='ltr'>ἐμάν]</span> <span class='ocrx_word' id='word_1_90' title='bbox 436 1265 588 1306; x_wconf 84' lang='lat' dir='ltr'>Versus</span> <span class='ocrx_word' id='word_1_91' title='bbox 608 1264 747 1321; x_wconf 87' lang='lat' dir='ltr'>inepte</span> <span class='ocrx_word' id='word_1_92' title='bbox 766 1264 999 1321; x_wconf 84' lang='lat' dir='ltr'>compositi,</span> <span class='ocrx_word' id='word_1_93' title='bbox 1021 1263 1177 1320; x_wconf 86' lang='lat' dir='ltr'>quibus</span> <span class='ocrx_word' id='word_1_94' title='bbox 1198 1279 1295 1305; x_wconf 83' lang='lat' dir='ltr'>vera</span> <span class='ocrx_word' id='word_1_95' title='bbox 1322 1263 1442 1305; x_wconf 84' lang='lat' dir='ltr'>metri</span> <span class='ocrx_word' id='word_1_96' title='bbox 1464 1263 1598 1304; x_wconf 86' lang='lat' dir='ltr'>forma</span> 
     </span>
     <span class='ocr_line' id='line_1_16' title="bbox 135 1331 562 1383; baseline -0.002 -10"><span class='ocrx_word' id='word_1_97' title='bbox 135 1332 191 1373; x_wconf 88' lang='lat' dir='ltr'>sic</span> <span class='ocrx_word' id='word_1_98' title='bbox 211 1341 273 1373; x_wconf 89' lang='lat' dir='ltr'>est</span> <span class='ocrx_word' id='word_1_99' title='bbox 292 1331 562 1383; x_wconf 85' lang='lat' dir='ltr'>restituenda,</span> 
     </span>
    </p>
   </div>
   <div class='ocr_carea' id='block_1_5' title="bbox 304 1425 989 1549">
    <p class='ocr_par' dir='ltr' id='par_1_12' title="bbox 304 1425 989 1549">
     <span class='ocr_line' id='line_1_17' title="bbox 304 1425 957 1479; baseline -0.002 -11"><span class='ocrx_word' id='word_1_100' title='bbox 304 1426 475 1479; x_wconf 83' lang='grc' dir='ltr'>πήματα,</span> <span class='ocrx_word' id='word_1_101' title='bbox 496 1428 666 1479; x_wconf 85' lang='grc' dir='ltr'>λύματα,</span> <span class='ocrx_word' id='word_1_102' title='bbox 688 1425 835 1478; x_wconf 82' lang='grc' dir='ltr'>δείματ’</span> <span class='ocrx_word' id='word_1_103' title='bbox 858 1428 957 1478; x_wconf 82' lang='grc' dir='ltr'>ε’μᾰν</span> 
     </span>
     <span class='ocr_line' id='line_1_18' title="bbox 306 1492 989 1549; baseline -0.001 -14"><span class='ocrx_word' id='word_1_104' title='bbox 306 1493 479 1547; x_wconf 83' lang='grc' dir='ltr'>ἆμφάκει</span> <span class='ocrx_word' id='word_1_105' title='bbox 500 1493 645 1549; x_wconf 82' lang='grc' dir='ltr'>κέντρῳ</span> <span class='ocrx_word' id='word_1_106' title='bbox 666 1494 818 1547; x_wconf 79' lang='grc' dir='ltr'>ψύχειν</span> <span class='ocrx_word' id='word_1_107' title='bbox 838 1492 989 1547; x_wconf 82' lang='grc' dir='ltr'>ψυχάν.</span> 
     </span>
    </p>
   </div>
   <div class='ocr_carea' id='block_1_6' title="bbox 134 1588 1603 2186">
    <p class='ocr_par' dir='ltr' id='par_1_13' title="bbox 134 1588 1598 1781">
     <span class='ocr_line' id='line_1_19' title="bbox 135 1588 1598 1646; baseline 0 -15"><span class='ocrx_word' id='word_1_108' title='bbox 135 1589 256 1631; x_wconf 83' lang='lat' dir='ltr'>Prior</span> <span class='ocrx_word' id='word_1_109' title='bbox 285 1605 427 1631; x_wconf 85' lang='lat' dir='ltr'>versus</span> <span class='ocrx_word' id='word_1_110' title='bbox 456 1588 686 1646; x_wconf 84' lang='lat' dir='ltr'>dactylicus</span> <span class='ocrx_word' id='word_1_111' title='bbox 715 1599 789 1640; x_wconf 84' lang='lat' dir='ltr'>est,</span> <span class='ocrx_word' id='word_1_112' title='bbox 820 1588 925 1630; x_wconf 87' lang='lat' dir='ltr'>alter</span> <span class='ocrx_word' id='word_1_113' title='bbox 955 1604 1007 1630; x_wconf 80' lang='lat' dir='ltr'>ex</span> <span class='ocrx_word' id='word_1_114' title='bbox 1043 1588 1177 1631; x_wconf 86' lang='lat' dir='ltr'>tribus</span> <span class='ocrx_word' id='word_1_115' title='bbox 1209 1599 1370 1631; x_wconf 87' lang='lat' dir='ltr'>constat</span> <span class='ocrx_word' id='word_1_116' title='bbox 1401 1590 1598 1641; x_wconf 85' lang='lat' dir='ltr'>molossis,</span> 
     </span>
     <span class='ocr_line' id='line_1_20' title="bbox 134 1656 1598 1715; baseline 0.001 -17"><span class='ocrx_word' id='word_1_117' title='bbox 134 1657 247 1713; x_wconf 92' lang='lat' dir='ltr'>quod</span> <span class='ocrx_word' id='word_1_118' title='bbox 277 1656 516 1713; x_wconf 87' lang='lat' dir='ltr'>exemplum</span> <span class='ocrx_word' id='word_1_119' title='bbox 541 1656 722 1698; x_wconf 86' lang='lat' dir='ltr'><strong>addatur</strong></span> <span class='ocrx_word' id='word_1_120' title='bbox 745 1656 1001 1698; x_wconf 77' lang='lat' dir='ltr'>annotationi</span> <span class='ocrx_word' id='word_1_121' title='bbox 1021 1672 1124 1698; x_wconf 89' lang='lat' dir='ltr'>meae</span> <span class='ocrx_word' id='word_1_122' title='bbox 1144 1659 1198 1699; x_wconf 87' lang='lat' dir='ltr'>ad</span> <span class='ocrx_word' id='word_1_123' title='bbox 1221 1658 1351 1715; x_wconf 87' lang='lat' dir='ltr'>Soph.</span> <span class='ocrx_word' id='word_1_124' title='bbox 1374 1658 1480 1700; x_wconf 86' lang='lat' dir='ltr'>OEd.</span> <span class='ocrx_word' id='word_1_125' title='bbox 1505 1659 1598 1701; x_wconf 84' lang='lat' dir='ltr'>Col.</span> 
     </span>
     <span class='ocr_line' id='line_1_21' title="bbox 140 1729 259 1781; baseline 0 -14"><span class='ocrx_word' id='word_1_126' title='bbox 140 1729 259 1781; x_wconf 83' lang='grc'>1560.</span> 
     </span>
    </p>

    <p class='ocr_par' dir='ltr' id='par_1_14' title="bbox 136 1791 1602 2055">
     <span class='ocr_line' id='line_1_22' title="bbox 192 1791 1602 1849; baseline 0.001 -14"><span class='ocrx_word' id='word_1_127' title='bbox 192 1796 289 1849; x_wconf 84' lang='lat'>692.</span> <span class='ocrx_word' id='word_1_128' title='bbox 328 1793 519 1849; x_wconf 86' lang='grc' dir='ltr'>ἀμφήκει]</span> <span class='ocrx_word' id='word_1_129' title='bbox 553 1794 695 1844; x_wconf 85' lang='lat' dir='ltr'>Quum</span> <span class='ocrx_word' id='word_1_130' title='bbox 733 1791 928 1848; x_wconf 89' lang='lat' dir='ltr'>Sophocli</span> <span class='ocrx_word' id='word_1_131' title='bbox 960 1792 1115 1833; x_wconf 86' lang='lat' dir='ltr'>Electr.</span> <span class='ocrx_word' id='word_1_132' title='bbox 1147 1793 1246 1847; x_wconf 84' lang='lat'>485.</span> <span class='ocrx_word' id='word_1_133' title='bbox 1279 1793 1434 1834; x_wconf 87' lang='lat' dir='ltr'>Dorica</span> <span class='ocrx_word' id='word_1_134' title='bbox 1467 1794 1602 1836; x_wconf 86' lang='lat' dir='ltr'>forma</span> 
     </span>
     <span class='ocr_line' id='line_1_23' title="bbox 136 1860 1602 1918; baseline -0.001 -15"><span class='ocrx_word' id='word_1_135' title='bbox 136 1862 315 1915; x_wconf 83' lang='grc' dir='ltr'>ἀμφάκης</span> <span class='ocrx_word' id='word_1_136' title='bbox 343 1877 396 1903; x_wconf 89' lang='lat' dir='ltr'>ex</span> <span class='ocrx_word' id='word_1_137' title='bbox 425 1861 639 1918; x_wconf 86' lang='lat' dir='ltr'>Hesychio</span> <span class='ocrx_word' id='word_1_138' title='bbox 669 1860 721 1902; x_wconf 89' lang='lat' dir='ltr'>sit</span> <span class='ocrx_word' id='word_1_139' title='bbox 751 1860 943 1901; x_wconf 86' lang='lat' dir='ltr'>restituta</span> <span class='ocrx_word' id='word_1_140' title='bbox 971 1875 1050 1916; x_wconf 89' lang='lat' dir='ltr'>pro</span> <span class='ocrx_word' id='word_1_141' title='bbox 1079 1860 1239 1917; x_wconf 83' lang='lat' dir='ltr'>vulgari</span> <span class='ocrx_word' id='word_1_142' title='bbox 1265 1861 1455 1914; x_wconf 81' lang='grc' dir='ltr'>ἀμφήκης,</span> <span class='ocrx_word' id='word_1_143' title='bbox 1487 1862 1602 1918; x_wconf 89' lang='lat' dir='ltr'>apud</span> 
     </span>
     <span class='ocr_line' id='line_1_24' title="bbox 136 1928 1601 1986; baseline 0 -15"><span class='ocrx_word' id='word_1_144' title='bbox 136 1929 385 1986; x_wconf 81' lang='lat' dir='ltr'>AEschylum</span> <span class='ocrx_word' id='word_1_145' title='bbox 406 1944 575 1985; x_wconf 92' lang='lat' dir='ltr'>quoque</span> <span class='ocrx_word' id='word_1_146' title='bbox 596 1929 770 1980; x_wconf 82' lang='grc' dir='ltr'>ἀμφάκει</span> <span class='ocrx_word' id='word_1_147' title='bbox 790 1928 1053 1970; x_wconf 85' lang='lat' dir='ltr'>scribendum</span> <span class='ocrx_word' id='word_1_148' title='bbox 1075 1944 1163 1970; x_wconf 88' lang='lat' dir='ltr'>esse</span> <span class='ocrx_word' id='word_1_149' title='bbox 1183 1929 1399 1986; x_wconf 84' lang='lat' dir='ltr'>probabile</span> <span class='ocrx_word' id='word_1_150' title='bbox 1425 1938 1501 1980; x_wconf 89' lang='lat' dir='ltr'>est,</span> <span class='ocrx_word' id='word_1_151' title='bbox 1522 1930 1601 1972; x_wconf 90' lang='lat' dir='ltr'>hoc</span> 
     </span>
     <span class='ocr_line' id='line_1_25' title="bbox 137 1996 752 2055; baseline -0.005 -16"><span class='ocrx_word' id='word_1_152' title='bbox 137 1997 362 2055; x_wconf 82' lang='lat' dir='ltr'>praesertim</span> <span class='ocrx_word' id='word_1_153' title='bbox 385 1996 426 2037; x_wconf 90' lang='lat' dir='ltr'>in</span> <span class='ocrx_word' id='word_1_154' title='bbox 447 2011 597 2052; x_wconf 89' lang='lat' dir='ltr'>genere</span> <span class='ocrx_word' id='word_1_155' title='bbox 617 1996 752 2037; x_wconf 87' lang='lat' dir='ltr'>metri.</span> 
     </span>
    </p>

    <p class='ocr_par' dir='ltr' id='par_1_15' title="bbox 137 2063 1603 2186">
     <span class='ocr_line' id='line_1_26' title="bbox 195 2063 1603 2120; baseline 0.001 -15"><span class='ocrx_word' id='word_1_156' title='bbox 195 2066 293 2119; x_wconf 85' lang='lat'>693.</span> <span class='ocrx_word' id='word_1_157' title='bbox 313 2063 483 2119; x_wconf 76' lang='grc' dir='ltr'>ψύχειν]</span> <span class='ocrx_word' id='word_1_158' title='bbox 503 2064 682 2104; x_wconf 83' lang='lat' dir='ltr'>Praestat</span> <span class='ocrx_word' id='word_1_159' title='bbox 697 2065 856 2117; x_wconf 77' lang='grc' dir='ltr'>ψύξειν.</span> <span class='ocrx_word' id='word_1_160' title='bbox 889 2065 992 2105; x_wconf 88' lang='lat' dir='ltr'>Post</span> <span class='ocrx_word' id='word_1_161' title='bbox 1012 2063 1152 2118; x_wconf 79' lang='grc' dir='ltr'>ψυχάν</span> <span class='ocrx_word' id='word_1_162' title='bbox 1171 2074 1213 2105; x_wconf 87' lang='lat' dir='ltr'>et</span> <span class='ocrx_word' id='word_1_163' title='bbox 1233 2073 1327 2120; x_wconf 88' lang='lat' dir='ltr'>post</span> <span class='ocrx_word' id='word_1_164' title='bbox 1347 2068 1466 2118; x_wconf 86' lang='grc' dir='ltr'>μοῖρα</span> <span class='ocrx_word' id='word_1_165' title='bbox 1484 2069 1603 2119; x_wconf 88' lang='grc' dir='ltr'>μοῖρα</span> 
     </span>
     <span class='ocr_line' id='line_1_27' title="bbox 137 2130 1328 2186; baseline -0.001 -13"><span class='ocrx_word' id='word_1_166' title='bbox 137 2131 235 2173; x_wconf 87' lang='lat' dir='ltr'>colis</span> <span class='ocrx_word' id='word_1_167' title='bbox 254 2142 315 2173; x_wconf 89' lang='lat' dir='ltr'>est</span> <span class='ocrx_word' id='word_1_168' title='bbox 334 2131 692 2186; x_wconf 85' lang='lat' dir='ltr'>distinguendum.</span> <span class='ocrx_word' id='word_1_169' title='bbox 752 2130 949 2172; x_wconf 87' lang='lat' dir='ltr'>Alterum</span> <span class='ocrx_word' id='word_1_170' title='bbox 970 2136 1090 2185; x_wconf 85' lang='grc' dir='ltr'>μοῖρα</span> <span class='ocrx_word' id='word_1_171' title='bbox 1110 2146 1192 2173; x_wconf 91' lang='lat' dir='ltr'>om.</span> <span class='ocrx_word' id='word_1_172' title='bbox 1215 2132 1328 2173; x_wconf 90' lang='lat' dir='ltr'>Rob.</span> 
     </span>
    </p>
   </div>
   <div class='ocr_carea' id='block_1_7' title="bbox 195 2197 1513 2321">
    <p class='ocr_par' dir='ltr' id='par_1_16' title="bbox 195 2197 1513 2321">
     <span class='ocr_line' id='line_1_28' title="bbox 195 2197 1513 2255; baseline -0.001 -14"><span class='ocrx_word' id='word_1_173' title='bbox 195 2202 291 2255; x_wconf 83' lang='lat'>695.</span> <span class='ocrx_word' id='word_1_174' title='bbox 312 2197 489 2252; x_wconf 88' lang='grc' dir='ltr'>πέφρικ’]</span> <span class='ocrx_word' id='word_1_175' title='bbox 515 2198 701 2239; x_wconf 87' lang='lat' dir='ltr'>Laborat</span> <span class='ocrx_word' id='word_1_176' title='bbox 722 2207 914 2240; x_wconf 89' lang='lat' dir='ltr'>metrum.</span> <span class='ocrx_word' id='word_1_177' title='bbox 978 2198 1252 2241; x_wconf 86' lang='lat' dir='ltr'>Scribendum</span> <span class='ocrx_word' id='word_1_178' title='bbox 1275 2199 1449 2253; x_wconf 90' lang='grc' dir='ltr'>πέφρικα</span> <span class='ocrx_word' id='word_1_179' title='bbox 1470 2199 1513 2240; x_wconf 90' lang='grc' dir='ltr'>δ’.</span> 
     </span>
     <span class='ocr_line' id='line_1_29' title="bbox 197 2264 954 2321; baseline 0 -15"><span class='ocrx_word' id='word_1_180' title='bbox 197 2265 420 2321; x_wconf 85' lang='grc' dir='ltr'>εἰσιδοῦσα]</span> <span class='ocrx_word' id='word_1_181' title='bbox 445 2265 635 2306; x_wconf 83' lang='grc' dir='ltr'>ἐσιδοῦσα</span> <span class='ocrx_word' id='word_1_182' title='bbox 654 2264 815 2320; x_wconf 83' lang='lat' dir='ltr'>aliquot</span> <span class='ocrx_word' id='word_1_183' title='bbox 833 2264 954 2306; x_wconf 84' lang='lat' dir='ltr'>codd.</span> 
     </span>
    </p>
   </div>
   <div class='ocr_carea' id='block_1_8' title="bbox 138 2329 1607 3069">
    <p class='ocr_par' dir='ltr' id='par_1_17' title="bbox 196 2329 602 2410">
     <span class='ocr_line' id='line_1_30' title="bbox 196 2329 602 2410; baseline -0.002 -14"><span class='ocrx_word' id='word_1_184' title='bbox 196 2356 295 2410; x_wconf 87' lang='lat'>696.</span> <span class='ocrx_word' id='word_1_185' title='bbox 315 2354 411 2407; x_wconf 76' lang='grc' dir='ltr'>πρό]</span> <span class='ocrx_word' id='word_1_186' title='bbox 431 2329 515 2406; x_wconf 65' lang='grc' dir='ltr'>πρέ,</span> <span class='ocrx_word' id='word_1_187' title='bbox 537 2354 602 2395; x_wconf 89' lang='lat' dir='ltr'>M.</span> 
     </span>
    </p>

    <p class='ocr_par' dir='ltr' id='par_1_18' title="bbox 195 2421 1180 2479">
     <span class='ocr_line' id='line_1_31' title="bbox 195 2421 1180 2479; baseline 0 -15"><span class='ocrx_word' id='word_1_188' title='bbox 195 2423 293 2478; x_wconf 90' lang='grc'>698.</span> <span class='ocrx_word' id='word_1_189' title='bbox 316 2439 376 2463; x_wconf 90' lang='grc' dir='ltr'>τοι</span> <span class='ocrx_word' id='word_1_190' title='bbox 398 2423 579 2463; x_wconf 87' lang='grc' dir='ltr'>Α.Β.Μ.</span> <span class='ocrx_word' id='word_1_191' title='bbox 602 2421 766 2479; x_wconf 86' lang='lat' dir='ltr'>aliique.</span> <span class='ocrx_word' id='word_1_192' title='bbox 798 2439 836 2464; x_wconf 90' lang='grc' dir='ltr'>τι</span> <span class='ocrx_word' id='word_1_193' title='bbox 855 2421 997 2479; x_wconf 88' lang='lat' dir='ltr'>vulgo.</span> <span class='ocrx_word' id='word_1_194' title='bbox 1029 2425 1105 2476; x_wconf 76' lang='grc' dir='ltr'>γὰρ</span> <span class='ocrx_word' id='word_1_195' title='bbox 1126 2424 1180 2464; x_wconf 90' lang='grc' dir='ltr'>Ν.</span> 
     </span>
    </p>

    <p class='ocr_par' dir='ltr' id='par_1_19' title="bbox 198 2490 1176 2546">
     <span class='ocr_line' id='line_1_32' title="bbox 198 2490 1176 2546; baseline -0.002 -14"><span class='ocrx_word' id='word_1_196' title='bbox 198 2503 292 2546; x_wconf 91' lang='lat'>700.</span> <span class='ocrx_word' id='word_1_197' title='bbox 313 2490 474 2546; x_wconf 90' lang='grc' dir='ltr'>χρείαν]</span> <span class='ocrx_word' id='word_1_198' title='bbox 495 2491 635 2544; x_wconf 85' lang='grc' dir='ltr'>χρείαν</span> <span class='ocrx_word' id='word_1_199' title='bbox 655 2490 686 2530; x_wconf 88' lang='grc' dir='ltr'>τ’</span> <span class='ocrx_word' id='word_1_200' title='bbox 710 2491 779 2531; x_wconf 91' lang='grc' dir='ltr'>Μ.</span> <span class='ocrx_word' id='word_1_201' title='bbox 801 2490 954 2546; x_wconf 88' lang='lat' dir='ltr'>aliique</span> <span class='ocrx_word' id='word_1_202' title='bbox 976 2490 1176 2531; x_wconf 86' lang='lat' dir='ltr'>nonnulli.</span> 
     </span>
    </p>

    <p class='ocr_par' dir='ltr' id='par_1_20' title="bbox 196 2556 1327 2612">
     <span class='ocr_line' id='line_1_33' title="bbox 196 2556 1327 2612; baseline -0.002 -13"><span class='ocrx_word' id='word_1_203' title='bbox 196 2557 408 2612; x_wconf 85' lang='grc' dir='ltr'>ἠνύσασθ’]</span> <span class='ocrx_word' id='word_1_204' title='bbox 435 2557 708 2599; x_wconf 87' lang='lat' dir='ltr'>Scribendum</span> <span class='ocrx_word' id='word_1_205' title='bbox 731 2557 922 2610; x_wconf 81' lang='grc' dir='ltr'>ἠνύσασθ’</span> <span class='ocrx_word' id='word_1_206' title='bbox 946 2573 1039 2599; x_wconf 89' lang='lat' dir='ltr'>cum</span> <span class='ocrx_word' id='word_1_207' title='bbox 1063 2556 1327 2598; x_wconf 79' lang='lat' dir='ltr'>Blomfieldo.</span> 
     </span>
    </p>

    <p class='ocr_par' dir='ltr' id='par_1_21' title="bbox 140 2624 1602 2736">
     <span class='ocr_line' id='line_1_34' title="bbox 198 2624 1602 2682; baseline -0.001 -15"><span class='ocrx_word' id='word_1_208' title='bbox 198 2638 293 2682; x_wconf 87' lang='lat'>703.</span> <span class='ocrx_word' id='word_1_209' title='bbox 335 2626 521 2667; x_wconf 84' lang='grc' dir='ltr'>ἀκούσαθ’</span> <span class='ocrx_word' id='word_1_210' title='bbox 558 2626 719 2667; x_wconf 78' lang='lat' dir='ltr'>codices</span> <span class='ocrx_word' id='word_1_211' title='bbox 758 2626 948 2682; x_wconf 84' lang='lat' dir='ltr'>plerique</span> <span class='ocrx_word' id='word_1_212' title='bbox 986 2641 1130 2666; x_wconf 84' lang='lat' dir='ltr'>omnes</span> <span class='ocrx_word' id='word_1_213' title='bbox 1168 2635 1210 2666; x_wconf 84' lang='lat' dir='ltr'>et</span> <span class='ocrx_word' id='word_1_214' title='bbox 1248 2627 1386 2666; x_wconf 82' lang='lat' dir='ltr'>Turn.</span> <span class='ocrx_word' id='word_1_215' title='bbox 1422 2624 1602 2667; x_wconf 86' lang='grc' dir='ltr'>ἆκούσεθ’</span> 
     </span>
     <span class='ocr_line' id='line_1_35' title="bbox 140 2692 774 2736; baseline -0.005 0"><span class='ocrx_word' id='word_1_216' title='bbox 140 2695 275 2736; x_wconf 85' lang='lat' dir='ltr'>Viteb.</span> <span class='ocrx_word' id='word_1_217' title='bbox 297 2692 512 2735; x_wconf 84' lang='grc' dir='ltr'>ἆκούσασθ’</span> <span class='ocrx_word' id='word_1_218' title='bbox 535 2693 639 2734; x_wconf 92' lang='lat' dir='ltr'>Ald.</span> <span class='ocrx_word' id='word_1_219' title='bbox 661 2693 774 2734; x_wconf 90' lang='lat' dir='ltr'>Rob.</span> 
     </span>
    </p>

    <p class='ocr_par' dir='ltr' id='par_1_22' title="bbox 138 2759 1607 3017">
     <span class='ocr_line' id='line_1_36' title="bbox 197 2759 1603 2816; baseline -0.003 -12"><span class='ocrx_word' id='word_1_220' title='bbox 197 2774 294 2816; x_wconf 85' lang='lat'>705.</span> <span class='ocrx_word' id='word_1_221' title='bbox 326 2762 376 2803; x_wconf 87' lang='grc' dir='ltr'>σὺ</span> <span class='ocrx_word' id='word_1_222' title='bbox 403 2760 456 2816; x_wconf 84' lang='grc' dir='ltr'>δ’]</span> <span class='ocrx_word' id='word_1_223' title='bbox 483 2761 756 2802; x_wconf 81' lang='lat' dir='ltr'>Scribendum</span> <span class='ocrx_word' id='word_1_224' title='bbox 779 2763 830 2802; x_wconf 91' lang='grc' dir='ltr'>σύ</span> <span class='ocrx_word' id='word_1_225' title='bbox 850 2761 881 2801; x_wconf 87' lang='grc' dir='ltr'>τ’</span> <span class='ocrx_word' id='word_1_226' title='bbox 904 2777 955 2802; x_wconf 88' lang='lat' dir='ltr'>ex</span> <span class='ocrx_word' id='word_1_227' title='bbox 977 2761 1159 2801; x_wconf 86' lang='lat' dir='ltr'>A.B.M.</span> <span class='ocrx_word' id='word_1_228' title='bbox 1181 2759 1368 2815; x_wconf 83' lang='lat' dir='ltr'>aliisque.</span> <span class='ocrx_word' id='word_1_229' title='bbox 1421 2761 1472 2800; x_wconf 94' lang='lat' dir='ltr'>In</span> <span class='ocrx_word' id='word_1_230' title='bbox 1504 2762 1545 2801; x_wconf 80' lang='grc' dir='ltr'>οἵ</span> <span class='ocrx_word' id='word_1_231' title='bbox 1572 2759 1603 2800; x_wconf 88' lang='grc' dir='ltr'>τ’</span> 
     </span>
     <span class='ocr_line' id='line_1_37' title="bbox 138 2826 1603 2885; baseline -0.002 -14"><span class='ocrx_word' id='word_1_232' title='bbox 138 2838 382 2885; x_wconf 78' lang='lat' dir='ltr'>corruptum</span> <span class='ocrx_word' id='word_1_233' title='bbox 431 2828 545 2884; x_wconf 87' lang='lat' dir='ltr'>apud</span> <span class='ocrx_word' id='word_1_234' title='bbox 593 2828 852 2884; x_wconf 85' lang='lat' dir='ltr'>Stephanum</span> <span class='ocrx_word' id='word_1_235' title='bbox 894 2828 1000 2882; x_wconf 92' lang='lat' dir='ltr'>Byz.</span> <span class='ocrx_word' id='word_1_236' title='bbox 1035 2837 1067 2868; x_wconf 76' lang='lat' dir='ltr'>s.</span> <span class='ocrx_word' id='word_1_237' title='bbox 1104 2842 1143 2866; x_wconf 89' lang='lat' dir='ltr'>v.</span> <span class='ocrx_word' id='word_1_238' title='bbox 1176 2826 1348 2881; x_wconf 90' lang='grc' dir='ltr'>Ἰναχία.</span> <span class='ocrx_word' id='word_1_239' title='bbox 1402 2833 1429 2851; x_wconf 83' lang='grc'>“</span> <span class='ocrx_word' id='word_1_240' title='bbox 1452 2827 1603 2884; x_wconf 86' lang='lat' dir='ltr'>Eurip.</span> 
     </span>
     <span class='ocr_line' id='line_1_38' title="bbox 143 2893 1606 2948; baseline -0.001 -11"><span class='ocrx_word' id='word_1_241' title='bbox 143 2896 289 2937; x_wconf 88' lang='lat' dir='ltr'>Phoen.</span> <span class='ocrx_word' id='word_1_242' title='bbox 311 2898 411 2948; x_wconf 87' lang='lat'>467.</span> <span class='ocrx_word' id='word_1_243' title='bbox 443 2896 499 2936; x_wconf 88' lang='grc' dir='ltr'>Σύ</span> <span class='ocrx_word' id='word_1_244' title='bbox 528 2893 560 2935; x_wconf 84' lang='grc' dir='ltr'>τ’</span> <span class='ocrx_word' id='word_1_245' title='bbox 592 2895 955 2937; x_wconf 73' lang='grc' dir='ltr'>αὖ-Πολύνεικες.</span> <span class='ocrx_word' id='word_1_246' title='bbox 987 2893 1090 2934; x_wconf 81' lang='lat' dir='ltr'>ibid.</span> <span class='ocrx_word' id='word_1_247' title='bbox 1113 2894 1207 2947; x_wconf 89' lang='lat'>898.</span> <span class='ocrx_word' id='word_1_248' title='bbox 1241 2895 1297 2935; x_wconf 87' lang='grc' dir='ltr'>Σύ</span> <span class='ocrx_word' id='word_1_249' title='bbox 1319 2893 1364 2945; x_wconf 81' lang='grc' dir='ltr'>τ’,</span> <span class='ocrx_word' id='word_1_250' title='bbox 1387 2893 1417 2935; x_wconf 74' lang='grc' dir='ltr'><em>ὦ</em></span> <span class='ocrx_word' id='word_1_251' title='bbox 1437 2894 1606 2936; x_wconf 85' lang='grc' dir='ltr'>τάλαινα</span> 
     </span>
     <span class='ocr_line' id='line_1_39' title="bbox 140 2959 1607 3017; baseline -0.001 -12"><span class='ocrx_word' id='word_1_252' title='bbox 140 2962 483 3017; x_wconf 82' lang='grc' dir='ltr'>συγκατασκάπτει</span> <span class='ocrx_word' id='word_1_253' title='bbox 502 2962 631 3005; x_wconf 84' lang='grc' dir='ltr'>πόλις.</span> <span class='ocrx_word' id='word_1_254' title='bbox 654 2963 789 3003; x_wconf 86' lang='lat' dir='ltr'>Orest.</span> <span class='ocrx_word' id='word_1_255' title='bbox 811 2962 888 3015; x_wconf 82' lang='lat'>163</span> <span class='ocrx_word' id='word_1_256' title='bbox 892 2971 931 3015; x_wconf 88' lang='lat'>5.</span> <span class='ocrx_word' id='word_1_257' title='bbox 955 2962 1005 3002; x_wconf 91' lang='grc' dir='ltr'>σύ</span> <span class='ocrx_word' id='word_1_258' title='bbox 1025 2960 1071 3008; x_wconf 81' lang='grc' dir='ltr'>τ’,</span> <span class='ocrx_word' id='word_1_259' title='bbox 1095 2959 1126 3001; x_wconf 72' lang='grc' dir='ltr'><em>ὦ</em></span> <span class='ocrx_word' id='word_1_260' title='bbox 1154 2961 1287 3013; x_wconf 86' lang='grc' dir='ltr'>φίλων</span> <span class='ocrx_word' id='word_1_261' title='bbox 1306 2978 1373 3013; x_wconf 89' lang='grc' dir='ltr'>μοι</span> <span class='ocrx_word' id='word_1_262' title='bbox 1398 2966 1475 3003; x_wconf 83' lang='grc' dir='ltr'>τῶν</span> <span class='ocrx_word' id='word_1_263' title='bbox 1503 2963 1607 3015; x_wconf 84' lang='grc' dir='ltr'>ἐμῶν</span> 
     </span>
    </p>

    <p class='ocr_par' dir='ltr' id='par_1_23' title="bbox 852 3044 885 3069">
     <span class='ocr_line' id='line_1_40' title="bbox 852 3044 885 3069; baseline 0 0"><span class='ocrx_word' id='word_1_264' title='bbox 852 3044 885 3069; x_wconf 82' lang='lat' dir='ltr'>M</span> 
     </span>
    </p>
   </div>
  </div>
 </body>
</html>
