1898 3256
708 223 798 265 AD
829 223 1081 265 PERSAS.
1545 221 1631 265 265

160 336 380 394 Syennesis
398 352 472 378 rex
493 336 665 388 Ciliciae,
686 336 869 394 Cyaxari
899 345 942 378 et
962 335 1128 392 Alyatti
1156 344 1404 387 coaetaneus,
1427 349 1630 377 memora-

158 416 229 447 tur
249 405 471 446 Herodoto
492 419 528 456 1,
551 405 622 458 64.
662 404 852 446 Alterius
872 404 952 446 sub
973 403 1106 445 Dario
1127 403 1378 445 mentionem
1399 403 1500 445 facit
1519 402 1632 445 idem

155 484 200 528 5,
226 472 320 514 118.
366 473 564 514 Meminit
591 482 633 515 et
661 472 770 515 tertii
806 471 1052 529 Xenophon
1083 471 1124 512 in
1158 471 1300 513 Anab.
1330 483 1372 525 7,
1397 472 1438 523 8,
1462 482 1529 526 25.
1558 471 1634 513 ubi

158 555 276 596 reges
305 540 491 582 omnium
519 541 754 598 regionum,
787 555 892 597 quas
922 540 964 581 in
995 539 1262 596 expeditione
1287 539 1359 581 illa
1385 555 1633 596 peragrave-

157 618 250 651 rant
272 608 411 650 Graeci
442 619 670 651 enumerat.
706 609 930 650 STANL.
992 609 1144 649 Veram
1176 607 1355 649 nominis
1384 608 1634 664 scripturam

157 676 338 719 restituit
366 678 503 718 Turn.
534 676 889 718 consentientibus
918 675 1041 717 codd.
1074 675 1296 717 nonnullis.
1343 676 1536 719 Σύνυεσις
1565 676 1632 717 Μ.

156 745 322 802 aliique.
372 745 461 786 Alii
485 747 664 793 Σύνεσις,
687 754 735 786 ut
754 744 858 786 Ald.
881 743 993 786 Rob.

213 813 382 869 πρῶτος]
415 813 531 857 αὐτὸς
560 813 724 855 addunt
749 812 909 870 aliquot
929 811 1102 854 codices.
1153 811 1279 863 Quod
1299 812 1473 854 fortasse
1493 820 1632 853 ortum

157 894 211 920 ex
230 882 314 929 a—os,
336 879 451 935 quod
471 883 622 932 πρῶτος
642 879 860 936 significat.

215 958 312 1004 327.
353 948 545 1004 ἄπαρχος]
588 948 761 1003 ἔπαρχος
801 949 858 990 Ν.
892 956 934 989 et
969 965 1034 1002 γρ.
1069 947 1119 988 Β.
1171 946 1296 998 Quod
1332 945 1631 1004 recipiendum.

159 1016 321 1058 Eadem
345 1016 618 1073 discrepantia
637 1016 839 1059 librorum
862 1018 1019 1073 Agam.
1042 1027 1167 1072 1237.

215 1085 312 1140 328.
336 1085 521 1141 εὐκλεῶς]
544 1103 606 1139 γρ.
629 1089 781 1137 νηλεῶς
801 1086 853 1126 Β.
886 1087 1064 1137 ἀνηλεῶς
1083 1084 1171 1126 duo
1189 1084 1313 1125 codd.

215 1165 314 1208 329.
336 1153 498 1195 τοιῶνδέ
520 1152 558 1207 γ’
580 1155 714 1208 ἀρχῶν
733 1153 878 1195 infelix
901 1152 1071 1196 Canteri
1092 1153 1334 1209 conjectura
1353 1163 1427 1195 est.
1474 1154 1636 1196 τοιῶνδέ

158 1218 195 1274 γ’
233 1221 438 1275 ἀρχόντων
477 1221 590 1263 Rob.
633 1222 779 1279 Steph.
819 1220 970 1264 τοιῶνδ’
1008 1222 1214 1276 ἀρχόντων
1250 1221 1440 1264 Α.Β.Μ.
1481 1221 1635 1279 aliique

158 1287 279 1329 multi
299 1303 393 1329 cum
415 1289 517 1330 Ald.
539 1289 691 1332 τοιῶνδ’
709 1289 769 1344 ἄρ’
791 1291 919 1332 ὄντων
940 1291 1077 1331 Turn.
1109 1289 1208 1345 Ego
1228 1288 1393 1331 sublato
1414 1291 1632 1345 ἀρχόντων,

157 1355 273 1412 quod
301 1356 356 1398 ab
375 1356 599 1414 interprete
628 1357 886 1414 adscriptum
918 1357 1016 1409 fuit,
1039 1357 1096 1398 sic
1126 1356 1238 1398 hunc
1259 1372 1425 1399 versum
1453 1358 1634 1401 redinte-

156 1424 365 1481 grandum
395 1440 553 1477 censeo,
585 1429 748 1468 τοιῶνδε
776 1429 900 1468 τῶνδε
934 1428 1005 1468 νῦν
1030 1424 1287 1478 ὑπεμνήσθην
1312 1425 1417 1479 πέρι.
1478 1428 1540 1469 Et
1567 1428 1635 1481 ἀρ-

156 1494 313 1547 χόντων
339 1493 588 1536 Blomfieldo
618 1510 788 1551 quoque
815 1505 1055 1552 suspectum
1083 1493 1180 1545 fuit,
1210 1493 1285 1551 qui
1309 1498 1471 1538 τοιῶνδε
1497 1495 1635 1549 μέντοι

158 1561 345 1617 conjecit.

215 1644 316 1686 330.
338 1630 602 1687 ἀπαγγέλλω]
625 1631 843 1685 ἀπαγγελῶ
865 1630 967 1672 Ald.
990 1631 1104 1673 Rob.

215 1712 315 1756 333.
336 1698 438 1741 τοῦτ’
464 1699 608 1756 Steph.
630 1708 672 1741 et
690 1699 864 1741 codices.
896 1698 1000 1742 ταῦτ’
1024 1699 1128 1741 Ald.
1150 1699 1261 1741 Rob.
1286 1701 1423 1742 Turn.

217 1781 316 1824 334.
349 1784 387 1809 τι
411 1768 549 1809 Turn.
581 1769 623 1809 δὲ
653 1769 890 1810 A.B.C.M.
924 1768 1123 1810 Cantabr.
1155 1767 1317 1825 primus
1347 1779 1390 1811 et
1420 1769 1566 1813 Guelf.
1587 1771 1634 1823 δὴ

161 1837 333 1878 Barocc.
353 1836 556 1878 Cantabr.
575 1836 799 1886 secundus,
818 1836 920 1878 Ald.
944 1837 1054 1879 Rob.
1080 1836 1227 1894 Steph.

216 1905 315 1961 336.
337 1903 535 1960 συνάψαι]
560 1904 836 1947 Scribendum
856 1903 1035 1960 ξυνάψαι
1055 1920 1151 1947 cum
1174 1904 1400 1947 Brunckio.

217 1971 388 2014 ναΐοισιν
420 1973 485 2015 Μ.
516 1972 671 2029 aliique
702 1973 891 2015 nonnulli
925 1983 967 2015 et
1000 1974 1138 2015 Turn.
1185 1972 1345 2030 ναΐῃσιν
1379 1973 1482 2016 Ald.
1515 1975 1629 2019 Rob.

158 2039 335 2082 ναΐοισιν
355 2041 642 2084 Blomfieldus.
694 2042 820 2084 Conf.
841 2041 895 2083 ad
916 2057 957 2083 v.
977 2052 1073 2098 279.

218 2120 318 2165 337.
343 2109 408 2165 ἂν]
429 2110 479 2162 ἥν
500 2111 552 2152 F.

212 2177 462 2234 βαρβάρους]
484 2176 704 2232 βαρβάρων
730 2194 781 2220 ex
804 2179 873 2219 M.
910 2178 1046 2220 Viteb.
1068 2177 1242 2235 aliisque
1261 2179 1472 2221 nonnullis
1492 2189 1632 2222 enota-

158 2255 272 2287 tum:
305 2256 347 2287 et
367 2245 422 2287 sic
443 2246 546 2287 Ald.
569 2247 683 2288 Rob.
706 2246 818 2288 unde
849 2246 1061 2301 βάρβαρον
1080 2247 1258 2303 conjecit
1279 2247 1479 2290 Halmius
1497 2263 1542 2306 p.
1564 2262 1629 2304 19.

157 2314 274 2370 quod
295 2329 376 2356 non
398 2315 633 2372 praeferam.
665 2314 897 2369 βαρβάρους
917 2317 1056 2358 Turn.
1076 2316 1240 2373 Steph.,
1261 2316 1630 2369 consentientibus,

158 2381 192 2423 si
211 2382 314 2438 quid
334 2398 387 2424 ex
407 2383 568 2424 silentio
588 2383 883 2440 colligendum,
903 2384 1064 2440 aliquot
1084 2384 1308 2427 codicibus.

214 2451 315 2505 338.
340 2450 482 2491 ναυσὶν
503 2452 727 2492 Porsonus.
760 2452 878 2493 ναυσὶ
897 2451 1008 2493 libri.

215 2530 314 2572 339.
342 2518 410 2558 De
430 2517 599 2560 navium
619 2533 796 2560 numero
816 2519 1031 2576 sequentia
1050 2529 1168 2562 notat
1196 2521 1417 2563 Stanleius.
1462 2527 1491 2548 “
1510 2524 1632 2565 Grae-

158 2600 302 2627 corum
337 2584 506 2626 classem
539 2585 697 2628 Ctesias
732 2586 1087 2643 septingentarum
1105 2587 1274 2630 navium
1306 2589 1433 2631 fuisse
1463 2602 1628 2642 narrat;

160 2662 204 2694 at
222 2653 468 2695 Herodotus
489 2655 530 2707 8,
547 2655 615 2698 82.
632 2669 715 2696 non
732 2654 809 2696 nisi
827 2664 1105 2697 trecentarum
1121 2663 1163 2697 et
1183 2657 1418 2713 octoginta;
1451 2675 1631 2716 quarum

164 2722 215 2762 16
246 2730 410 2763 tantum
440 2722 766 2774 Lacedaemonii,
800 2724 879 2765 180
908 2723 1188 2767 Athenienses
1216 2726 1501 2782 praebuerunt.
1564 2731 1633 2779 De

161 2788 403 2831 Atticarum
436 2789 607 2831 navium
641 2805 817 2832 numero
855 2792 1049 2833 convenit
1089 2792 1343 2836 Plutarchus
1380 2794 1425 2837 in
1459 2796 1633 2839 Themi-

161 2856 287 2898 stocle
307 2871 342 2898 c.
369 2870 458 2910 14.:
491 2858 592 2914 quin
623 2859 712 2916 ipse
741 2859 987 2901 Herodotus
1009 2872 1047 2914 7,
1070 2862 1139 2902 61.
1169 2876 1294 2904 naves
1323 2865 1635 2918 πεπληρωμένας

163 2937 247 2967 200
278 2925 608 2968 Atheniensibus
637 2926 808 2977 tribuit3
854 2928 923 2970 cui
955 2928 1103 2970 accinit
1135 2928 1349 2972 Diodorus
1387 2932 1552 2975 Siculus
1591 2948 1631 2986 1,

155 3006 230 3050 ,15.
262 2993 424 3036 Xerxis
453 2993 623 3037 classem
648 2994 759 3038 mille
778 2995 1054 3039 ducentarum
1075 3006 1117 3039 et
1138 3007 1296 3055 septem
1317 2999 1486 3042 navium
1506 3001 1634 3045 fuisse

868 3079 894 3106 L
914 3064 929 3106 l
