1898 3256
307 226 391 269 106
777 230 1269 271 ANNOTATIONES

307 344 440 379 catur.
487 337 597 379 Mire
616 338 888 380 hallucinatur
905 339 1104 394 interpres
1124 340 1309 387 Graecus,
1330 338 1402 393 qui
1422 338 1474 378 de
1495 337 1739 378 Catabasmo

307 403 442 444 nescio
460 418 544 458 quo
562 413 700 444 monte
719 404 904 446 somniat.
939 406 1148 445 STANL.

362 468 451 521 παρ’
480 470 615 523 ὄχθας]
645 470 774 511 Hom.
805 470 857 511 Il.
884 474 927 511 Γ.
949 471 1039 523 187.
1069 469 1156 522 παρ’
1188 471 1309 523 ὄχθας
1337 469 1585 521 Σαγγαρίοιο.
1617 469 1670 508 Ot
1697 469 1740 509 δὲ

307 533 390 587 μεθ’
405 533 594 587 Ὅμηρον,
615 534 672 576 ait
691 535 886 576 Eustath.
906 551 946 591 p.
967 549 1063 589 403,
1082 548 1143 589 13.
1165 535 1252 587 παρ’
1274 537 1411 588 ὄχθαις
1430 535 1567 587 φασίν.
1617 533 1740 583 Quod

307 615 390 640 non
415 608 476 640 est
499 615 655 641 verum.
679 600 767 653 παρ’
799 602 922 654 ὄχθας
949 610 1010 641 est
1036 614 1150 641 secus
1169 603 1313 656 ripam,-
1343 599 1430 653 παρ’
1457 601 1592 652 ὄχθαις
1603 601 1740 655 juoeta

307 667 439 721 ripas,
470 673 518 706 ut
548 666 588 705 in
621 665 756 706 Theb.
784 679 878 721 392.
908 667 989 720 βοᾷ
1022 666 1109 719 παρ’
1142 668 1277 720 ὄχθαις
1307 667 1518 718 ποταμίαις.
1551 665 1737 721 Sophocl.

309 731 482 772 Philoct.
506 733 601 784 726.
625 735 840 785 Σπερχειοῦ
860 731 946 784 παρ’
968 733 1117 785 ὄχθαις.
1146 733 1373 773 BLOMF.

365 797 488 854 ἐξίκῃ]
512 799 611 848 ἐξίης
629 797 786 853 aliquot
804 798 922 839 codd.
943 808 984 839 et
1005 798 1103 839 Ald.

364 864 461 903 811.
489 863 759 918 καταβασμὸν]
781 865 1045 905 Descensum.
1107 863 1316 919 Loquitur
1335 873 1455 918 poeta
1474 862 1526 903 de
1546 864 1741 905 Καταδού-

307 945 394 971 ποις
412 928 513 978 Nili,
534 929 607 970 ubi
624 929 775 970 fluvius
797 929 873 970 iste
898 930 950 970 de
981 930 1187 970 montibus
1214 929 1505 985 praecipitatur.
1538 929 1739 970 Herodot.

309 1007 349 1044 2,
369 1005 431 1048 17.
453 997 474 1036 ὁ
494 998 569 1048 γὰρ
587 1000 746 1045 Νεῖλος,
768 995 982 1049 ἀρξάμενος
1002 999 1044 1038 ἐκ
1064 1001 1140 1038 τῶν
1154 997 1428 1037 Καταδούπων.
1451 996 1580 1037 Cicer.
1601 997 1740 1037 Somn.

309 1061 417 1117 Scip.
467 1062 589 1103 Sicut
606 1063 676 1103 ubi
693 1063 824 1104 Nilus
843 1063 900 1103 ad
918 1077 966 1103 ea
983 1076 1074 1119 quae
1098 1063 1314 1118 Catadupa
1334 1063 1617 1111 nominantur,
1633 1077 1740 1118 prce-

308 1128 454 1183 cipitat
481 1141 533 1168 eoe
559 1129 775 1170 altissimis
804 1130 1021 1170 montibus.
1053 1128 1161 1170 Plin.
1192 1138 1233 1182 5,
1257 1142 1295 1182 9.
1333 1130 1472 1169 Vectus
1501 1130 1621 1184 aquis
1646 1143 1742 1184 pro-

301 1196 549 1249 perantibus
576 1196 633 1236 ad
660 1196 790 1236 locum
809 1196 1068 1250 AEthiopum,
1093 1196 1164 1250 qui
1187 1195 1398 1248 Catadupi
1428 1202 1643 1244 vocantur,
1669 1210 1740 1236 no-

310 1262 478 1302 vissimo
502 1262 746 1302 Catarracte
773 1262 884 1302 inter
910 1268 1170 1302 occursantes
1198 1262 1381 1316 scopulos
1410 1275 1492 1302 non
1505 1263 1646 1317 fluere
1668 1263 1743 1302 im-

309 1327 637 1383 mensofiagore
655 1327 854 1377 creditur,
875 1328 947 1368 sed
971 1341 1104 1368 ruere.
1163 1326 1258 1367 Vid.
1277 1327 1455 1383 interpp.
1481 1327 1532 1367 ad
1555 1327 1740 1383 Hesych.

309 1407 347 1432 v.
371 1392 633 1436 Κατάδουπος.
692 1393 891 1434 Diversus
919 1403 1054 1434 autem
1086 1402 1172 1434 erat
1196 1393 1259 1434 hic
1284 1393 1398 1434 locus
1426 1408 1450 1433 a
1479 1396 1741 1449 Καταβαθμῷ,

309 1473 439 1514 prope
460 1459 636 1514 Libyam
659 1458 747 1500 sito.
783 1460 1011 1500 BLOMF.

366 1525 592 1580 Βυβλίνων]
614 1526 811 1576 ,Βιβλίνων
831 1526 897 1566 Μ.
917 1535 957 1566 et
978 1534 1058 1566 tres
1081 1525 1160 1566 alii.
1223 1530 1250 1550 “
1274 1524 1472 1581 Byblinos
1501 1535 1659 1566 montes
1686 1524 1745 1567 ita

310 1590 439 1632 dictos
458 1606 483 1631 a
501 1605 660 1646 papyro
678 1600 719 1632 et
738 1590 901 1631 calamis
920 1601 1056 1632 monet
1077 1591 1319 1640 scholiastes,
1341 1605 1414 1631 nec
1433 1590 1614 1631 absimile
1635 1606 1743 1640 vero,

310 1672 488 1712 namque
514 1666 555 1697 et
583 1657 715 1712 Niger
747 1657 915 1713 perinde
947 1673 994 1698 ac
1025 1657 1147 1698 Nilus
1175 1672 1340 1714 papyro
1376 1658 1491 1714 viget
1519 1663 1558 1698 et
1590 1658 1745 1698 calamo

307 1724 574 1779 praetexitur.
598 1723 723 1764 Solin.
742 1723 838 1779 30.''
870 1725 1086 1764 STANL.

368 1791 487 1844 ὀρῶν]
511 1790 634 1843 ὀρέων
656 1791 704 1831 C.
725 1799 766 1830 et
785 1805 871 1831 var.
890 1789 979 1830 lect.
1000 1805 1066 1845 ap.
1091 1790 1351 1830 Turnebum.

369 1857 463 1897 812.
486 1856 648 1910 σεπτὸν]
670 1856 817 1908 σεμνὸν
834 1857 947 1898 Α.Β.

370 1923 534 1963 εὔποτον
561 1921 666 1975 ῥέος]
701 1921 856 1962 Achill.
888 1923 985 1963 Tat.
1015 1936 1058 1974 4,
1084 1922 1148 1962 18.
1179 1921 1230 1962 de
1259 1935 1369 1976 aqua
1401 1920 1515 1961 Nili:
1546 1921 1668 1973 γλυκὺ
1703 1921 1746 1961 δὲ

311 1989 523 2039 πινόμενον
541 1987 604 2037 ἦν,
627 1988 688 2027 καὶ
706 1987 864 2040 ψυχρὸν
886 1990 929 2028 ἐν
947 1988 1071 2044 μέτρῳ
1092 1991 1157 2038 τῆς
1175 1989 1324 2038 ἡδονῆς.
1347 1996 1387 2027 et
1413 1986 1537 2042 paulo
1556 1994 1664 2041 post,
1684 1988 1748 2027 διὰ

312 2058 423 2095 τοῦτο
445 2055 563 2094 αὐτὸν
582 2054 749 2105 ἄκρατον
769 2056 790 2094 ὁ
811 2055 1017 2106 Αἰγύπτιος
1037 2056 1159 2094 πίνων
1179 2054 1223 2094 οὐ
1251 2057 1448 2105 φοβεῖται,
1472 2053 1667 2093 Διονύσου
1694 2052 1747 2103 μὴ

313 2122 505 2172 δεόμενος.
566 2120 666 2160 Huc
695 2119 869 2174 pertinet
890 2119 1102 2160 Pescennii
1131 2119 1286 2159 dictum
1317 2119 1368 2159 ad
1399 2118 1566 2159 milites:
1597 2119 1747 2159 Nilum

312 2188 482 2237 habetis,
496 2192 534 2227 et
554 2188 695 2227 vinum
717 2187 909 2241 quaeritis
921 2187 942 2226 ,9
972 2185 1100 2226 Plura
1117 2185 1168 2225 de
1184 2185 1400 2226 dulcedine
1419 2200 1537 2240 aquae
1558 2184 1746 2226 Niloticae

316 2252 556 2308 Spartianus
574 2251 617 2291 in
639 2251 860 2292 Pescennio
881 2251 1012 2306 Nigro
1031 2266 1067 2291 c.
1090 2261 1128 2303 7.
1161 2252 1379 2292 STANL.

371 2319 466 2372 813.
496 2318 685 2370 τρίγωνον
710 2319 749 2360 ἐς
776 2316 922 2371 χθόνα]
946 2317 1081 2358 Δέλτα
1105 2316 1253 2366 innuit,
1275 2317 1388 2371 quod
1407 2316 1620 2372 AEgyptiis
1647 2323 1749 2357 teste

316 2384 525 2440 Stephano
559 2385 758 2436 Πτίμυρις,
790 2383 946 2425 Graecis
978 2383 1126 2431 Δέλτα,
1160 2383 1214 2423 ob
1244 2383 1420 2438 figuram
1455 2397 1538 2437 qua
1573 2381 1748 2423 Siciliam

313 2450 510 2491 imitatur.
540 2449 713 2490 Diodor.
741 2462 775 2500 1,
805 2463 875 2505 34.
934 2449 1202 2498 Extenditur‚
1233 2449 1432 2490 referente
1462 2448 1678 2489 Herodoto
1705 2460 1747 2498 2,

319 2530 385 2572 15.
417 2516 640 2558 secundum
668 2531 779 2557 mare
808 2516 884 2557 ἀπὸ
906 2515 1091 2568 Πέρσεως
1121 2517 1280 2565 σκοπιῆς
1307 2514 1422 2567 μέχρι
1450 2515 1654 2567 ταριχείων
1672 2517 1749 2555 τῶν

315 2588 614 2635 Πηλουσιακῶν,
638 2583 824 2639 (legerim
843 2581 1067 2634 βαράθρων,
1088 2580 1143 2621 sic
1163 2580 1268 2621 enim
1297 2580 1386 2621 loca
1410 2579 1519 2621 circa
1538 2578 1749 2620 Pelusium

316 2650 448 2691 vocari
469 2649 585 2691 solita
599 2665 650 2690 ex
669 2649 866 2690 Strabone
881 2656 1052 2697 constat,
1070 2659 1135 2700 17.
1155 2662 1198 2702 p.
1217 2648 1334 2701 802.)
1355 2662 1380 2687 a
1400 2646 1500 2687 mari
1518 2646 1634 2699 μέχρι
1653 2649 1750 2698 Kep-

318 2718 493 2770 κασῶρου
513 2718 665 2766 πόλιος,
685 2715 765 2756 καθ’
786 2715 834 2766 ἣν
853 2716 1026 2768 σχίζεται
1052 2715 1073 2754 ὁ
1095 2718 1251 2760 Νεῖλος,
1275 2714 1316 2756 ἔς
1342 2730 1385 2755 τε
1405 2714 1632 2764 Πηλούσιον
1649 2711 1750 2764 ῥέων

318 2784 379 2824 καὶ
400 2786 440 2828 ἐς
461 2783 666 2834 Κάνωβον.
700 2782 921 2823 STANL.

375 2850 468 2890 816.
501 2849 614 2890 Citat
634 2847 788 2889 Athen.
812 2849 851 2888 8.
872 2863 914 2902 p.
934 2857 1015 2901 347
1039 2847 1088 2887 C.
1116 2861 1166 2886 ex
1196 2861 1326 2902 eoque
1349 2844 1539 2886 Eustath.
1561 2858 1601 2898 p.
1626 2852 1748 2898 1535,

319 2929 385 2967 24.
