1898 3256
340 214 426 254 244
811 215 1307 257 ANNOTATIONES

339 333 433 376 lecti
457 333 619 376 Doricae
642 333 813 390 vestigia
840 335 960 390 plura
987 334 1030 375 in
1058 334 1136 375 hoc
1163 329 1340 372 carmine
1367 334 1580 368 servarunt
1606 325 1775 368 codices.

341 402 471 442 Recte
489 400 616 456 igitur
637 400 904 441 Blomfieldus
923 400 989 442 hic
1008 410 1049 442 et
1067 399 1175 440 infra
1193 396 1344 438 formas
1363 394 1535 436 Doricas
1553 392 1742 434 restituit.

397 501 463 545 79.
486 488 678 544 ὀχυροῖσι]
706 490 879 543 ἐχυροῖσι
899 498 981 530 tres
999 488 1117 530 codd.
1139 463 1314 540 ιίέχυροῖσι
1334 484 1400 524 Μ.

397 567 463 607 80.
495 566 670 622 ἐφέταις]
701 568 902 608 Ducibus.
950 565 1199 622 Hesychius,
1234 564 1299 615 (cx
1334 560 1503 608 Lexico‚
1539 567 1586 600 ut
1616 558 1774 613 opinor,

342 633 553 688 Tragico.)
577 633 761 685 Ἐφέτας.
797 633 885 675 τοὺς
913 634 1106 686 ἡγεμόνας
1134 634 1210 671 τῶν
1238 631 1419 681 Περσῶν,
1451 628 1774 678 καταχρηστικῶς.

340 700 475 751 κυρίως
504 701 545 739 δὲ
575 701 612 739 οἱ
640 701 710 742 τὰς
740 702 903 752 φονικὰς
931 701 1037 742 δίκας
1063 697 1252 748 Ἀθήνῃσι
1281 696 1509 743 δικάζοντες.
1543 692 1774 733 BLOMF.

340 765 504 818 ἆφέταις
524 766 581 806 Ν.
601 765 712 805 Rob.

395 841 658 895 χρυσογόνου]
690 843 937 894 χρυσονόμου
967 842 1032 881 Μ.
1062 839 1164 880 Ald.
1195 840 1329 879 Turn.
1362 837 1504 892 Steph.
1538 837 1705 876 Barocc.
1735 845 1775 875 et

339 908 523 963 quinque
551 906 630 947 alii.
661 908 928 960 χρυσογόνουο
957 906 1066 948 eteri.
1111 904 1243 946 Schol.
1275 905 1319 945 τὸ
1348 905 1390 944 δὲ
1421 904 1665 956 χρυσονόμου
1690 903 1776 942 ἀντὶ

338 978 407 1015 τοῦ
436 974 628 1016 πλουσίας
653 973 749 1014 εἶπε.
793 975 895 1016 τινὲς
915 974 957 1014 δὲ
976 973 1221 1027 χρυσογόνου
1237 972 1414 1024 λέγουσι,
1436 971 1499 1010 διὰ
1518 968 1562 1009 τὸ
1582 967 1652 1009 τὸν
1673 970 1776 1018 Περ·

340 1040 415 1081 σέα
435 1040 510 1081 ἀπὸ
531 1043 680 1094 χρυσοῦ
699 1043 949 1092 γεγενῆσθαι.
980 1039 1002 1080 ὃ
1023 1039 1085 1079 καὶ
1105 1038 1280 1090 βέλτιον.
1312 1036 1540 1077 BLOMF.

397 1117 465 1157 82.
489 1120 655 1157 κυανοῦν
674 1116 956 1158 Blomfieldus.
988 1116 1151 1158 κυάνεον
1169 1115 1273 1156 libri.

394 1183 594 1237 λεύσσων]
615 1185 771 1224 λεύσων
792 1184 856 1223 Μ.
877 1182 979 1223 Ald.
1004 1183 1114 1224 Rob.

395 1250 555 1303 φονίου]
580 1250 734 1301 φοινίου
757 1250 819 1289 Μ.
841 1249 1003 1304 aliique.

394 1315 560 1371 δέργμα]
584 1315 704 1368 δέρμα
726 1315 846 1355 C-M.

393 1382 557 1435 δέργμα]
569 1382 808 1437 Ati-spectus.
841 1381 989 1437 Eurip.
1014 1381 1130 1422 Med.
1153 1393 1241 1434 190.
1263 1380 1421 1423 τοκάδος
1439 1379 1585 1432 δέργμα
1601 1379 1773 1429 λεαίνης.

339 1448 535 1490 Phoeniss.
561 1449 656 1500 667.
691 1449 786 1489 ἔνθα
806 1451 943 1501 φόνιος
962 1448 1011 1499 ἦν
1031 1446 1462 1500 δράκων-δεργμάτων
1483 1447 1634 1498 κόραισι
1653 1450 1774 1486 πολυ-

336 1515 502 1558 πλάνοις
528 1517 761 1556 ἐπισκοπῶν.
824 1516 1082 1570 Serpentium
1111 1513 1219 1555 oculi
1248 1513 1426 1554 terribile
1454 1511 1606 1567 aliquid
1639 1526 1775 1552 corus-

336 1596 426 1623 care
453 1581 718 1637 putabantur.
781 1581 976 1622 Conferat
1005 1581 1150 1621 barum
1181 1594 1317 1620 rerum
1348 1578 1553 1620 studiosus
1582 1578 1701 1619 Iliad.
1722 1582 1774 1628 X,

337 1662 405 1703 93.
426 1647 598 1688 Hesiod.
623 1648 735 1688 Scut.
755 1660 848 1701 143.
871 1647 1020 1702 Eurip.
1042 1647 1172 1688 Orest.
1189 1656 1286 1700 473.
1309 1647 1400 1686 Ion.
1422 1646 1541 1686 1262.
1563 1644 1773 1686 Theocrit.

338 1727 403 1766 24,
428 1715 491 1754 18.
524 1716 755 1755 Cornutum
787 1714 839 1754 de
869 1715 925 1754 N.
946 1715 1002 1754 D.
1025 1728 1064 1768 p.
1084 1726 1152 1766 50.
1194 1711 1339 1767 virgil.
1362 1712 1516 1767 Georg.
1544 1725 1585 1764 3,
1604 1724 1700 1766 433.
1732 1720 1774 1752 et

334 1779 422 1821 loca
441 1780 497 1820 ibi
518 1780 655 1821 citata.
687 1781 850 1820 Senecae
871 1781 997 1820 Herc.
1020 1780 1071 1819 F.
1091 1793 1134 1831 4,
1155 1792 1196 1833 3.
1228 1779 1458 1819 BLOMF.

391 1858 456 1911 83.
479 1858 685 1911 πολύχειρ]
703 1858 870 1912 Magna
887 1872 1013 1898 manu
1034 1858 1277 1898 instructus.
1306 1871 1358 1896 sc.
1372 1856 1622 1911 pedestrium
1639 1856 1774 1910 copia-

335 1939 440 1964 rum.
488 1924 670 1978 Hesych.
701 1925 957 1977 Πολυχείρια.
987 1926 1136 1974 πλῆθος
1170 1922 1438 1976 ἐργαζομένων
1469 1923 1532 1962 καὶ
1563 1923 1771 1962 ἀνυόντων.

334 1989 548 2045 respicitur
579 1989 773 2045 Thucyd.
805 2002 844 2040 2‘,
865 2002 931 2043 77.
963 1989 1113 2031 Pollux
1142 2003 1181 2038 2,
1203 2002 1271 2043 31.
1301 1989 1397 2041 Χεὶρ
1427 1988 1688 2040 στρατιωτικὴ,
1711 1989 1773 2029 καὶ

334 2060 463 2108 πολλῇ
493 2058 607 2110 χειρὶ,
631 2058 694 2097 καὶ
718 2058 961 2109 πολυχειρία.
1007 2056 1207 2096 Herodot.
1230 2070 1269 2107 7,
1294 2069 1359 2098 12.
1381 2055 1433 2096 de
1452 2055 1610 2104 Xerxe,
1633 2057 1770 2107 ἐστρα-

334 2122 500 2174 τηλάτεε
531 2124 633 2176 χειρὶ
658 2122 810 2174 μεγάλῃ
840 2122 1021 2173 πλήθεος.
1064 2122 1212 2177 Eurip.
1245 2120 1455 2161 Heraclid.
1487 2131 1580 2174 157.
1604 2119 1773 2172 ’Ἄργους

334 2189 499 2239 τοσήνδε
537 2193 662 2241 χεῖρα.
722 2188 897 2243 Proprio
935 2203 1053 2228 sensu
1094 2197 1316 2241 usurpatur
1353 2188 1539 2239 πολύχειρ
1580 2186 1770 2242 Sophocl.

334 2256 487 2297 Electr.
508 2256 605 2305 488.
637 2255 866 2295 BLOMF.
915 2256 1126 2307 πουλύχειρ
1147 2253 1248 2294 Ald.
1271 2253 1381 2294 Rob.

391 2321 653 2376 πολυυαύτης]
677 2320 944 2362 Scribendum
967 2321 1210 2363 πολυναύτας
1229 2335 1280 2360 ex
1301 2319 1495 2360 Cantabr.
1518 2318 1707 2359 secundo.

395 2390 461 2440 84.
497 2389 656 2444 Σύριον]
691 2389 775 2428 Pro
813 2388 1003 2443 Assyrio,
1037 2387 1140 2428 sicut
1175 2398 1310 2428 monet
1348 2386 1547 2441 interpres
1585 2385 1769 2427 Graecus.

340 2455 542 2496 Herodot.
573 2466 609 2506 7,
638 2456 704 2510 63.
732 2454 785 2495 de
817 2454 997 2509 Assyriis
1027 2454 1150 2494 verba
1179 2454 1351 2494 faciens:
1384 2453 1490 2493 οὗτοι
1523 2453 1565 2493 δὲ
1595 2452 1668 2493 ὑπὸ
1698 2453 1772 2503 μὲν

334 2521 542 2571 Ἑλλήνων
583 2521 791 2561 ἐκαλέοντο
826 2521 970 2571 Σύριοι,
1009 2519 1084 2560 ὑπὸ
1124 2521 1167 2560 δὲ
1204 2524 1280 2560 τῶν
1317 2519 1532 2572 βαρβάρων
1569 2518 1772 2571 Ἀσσύριοι

337 2585 573 2635 ἐκλήθησαν.
635 2584 782 2625 Strabo
817 2585 882 2624 16.
918 2599 958 2639 p.
993 2595 1086 2638 737.
1119 2585 1157 2624 οἱ
1190 2583 1221 2624 δ’
1255 2585 1497 2635 ἱστοροῦντες
1535 2582 1604 2633 τὴν
1638 2585 1771 2634 Σύρων

337 2651 473 2703 ἀρχὴν,
495 2651 590 2692 ὅταν
619 2655 725 2703 φῶσι
746 2650 903 2701 Μήδους
929 2652 1002 2701 μὲν
1031 2650 1105 2691 ὑπὸ
1135 2653 1303 2701 Περσῶν
1333 2651 1604 2698 καταλυθῆναι,
1627 2650 1772 2701 Σύρους

337 2718 378 2757 δὲ
397 2716 472 2757 ὑπὸ
494 2716 652 2767 Μήδων,
675 2716 742 2756 οὐκ
763 2717 910 2759 ἄλλους
932 2718 1038 2759 τιυᾶς
1066 2717 1154 2759 τοὺς
1178 2717 1321 2768 Σύρους
1339 2715 1540 2768 λέγουσιν,
1561 2716 1666 2755 ἀλλὰ
1685 2715 1771 2756 τοὺς

338 2785 382 2825 ἐν
402 2787 611 2834 Βαβυλῶνι
626 2783 689 2824 καὶ
709 2785 816 2837 Νίνῳ
839 2782 1219 2834 κατεσκευασμένους
1233 2782 1276 2822 τὸ
1290 2783 1513 2833 βασίλειον.
1536 2781 1755 2822 STANL.

336 2849 498 2901 ἇσύριον
517 2848 618 2890 Ald.
641 2858 680 2889 et
701 2848 819 2889 codd.
842 2847 974 2889 multi.
1007 2850 1196 2901 ἀσσύριον
1214 2847 1334 2903 pauci
1354 2862 1447 2888 cum
1470 2848 1578 2888 Rob.
1601 2848 1736 2888 Turn.

389 2915 531 2965 Σύριόν
550 2913 582 2954 θ’
605 2915 724 2968 ἅρμα]
758 2914 981 2956 Oraculum
1010 2915 1122 2970 apud
1155 2913 1356 2955 Herodot.
1379 2926 1416 2966 7,
1442 2926 1536 2966 140.
1571 2915 1666 2954 κατὰ
1690 2913 1765 2966 γάρ
