1898 3256
367 246 456 286 AD
489 244 744 287 SEPTEM
778 243 1108 284 ADVERSUS
1142 242 1413 283 THEBAS.
1539 243 1623 282 5205

146 372 360 415 pecorum.
425 360 586 401 Locum
615 358 720 400 bene
746 357 926 415 explicat
953 354 1078 397 schol.
1107 356 1144 396 οἱ
1172 355 1269 402 θεοὶ,
1293 354 1355 395 καὶ
1386 355 1423 395 οἱ
1454 353 1625 394 κάτοικοι

154 429 222 478 τῆς
245 426 434 482 ἡμετέρας
463 426 631 477 πόλεως,
654 427 717 468 καὶ
746 428 880 469 ἁπλῶς
909 424 1054 468 πάντες
1085 425 1122 465 οἱ
1153 423 1369 476 ἄνθρωποι,
1402 425 1517 462 τοῦτο
1548 423 1624 474 γὰρ

154 497 271 546 δηλοῖ
297 495 354 543 τὸ,
386 497 610 548 πολύβοτος
640 495 736 536 αἰὼν
765 497 935 547 βροτῶν·
972 492 1095 546 ἤγουν
1123 491 1147 543 ἡ
1180 490 1254 541 ζωὴ
1286 490 1349 531 καὶ
1380 491 1400 530 ὁ
1429 490 1519 541 βίος
1547 493 1625 530 τῶν

153 562 371 615 ἀνθρώπων
390 564 411 604 ὁ
432 563 606 606 πολλοὺς
625 562 797 616 τρέφων,
819 561 842 613 ἢ
862 560 939 603 ὑπὸ
967 563 1133 601 πολλῶν
1155 557 1487 611 ἐμβατευόμενος,
1509 556 1533 610 ἢ
1560 558 1624 598 ἐπὶ

153 630 257 672 πολὺ
289 629 568 683 ἐκτεινόμενος.
628 629 758 672 Unde
787 629 917 685 liquet
953 627 1158 685 quosdam
1196 626 1342 683 legisse
1375 627 1621 678 πολύβατος.

155 698 388 740 BLOMF.

212 776 307 820 775.
330 767 429 807 ὅσον
448 765 526 807 τότ’
549 767 741 808 Οἰδίπουν
760 766 866 823 τίον]
892 763 1107 822 Sophoclis
1127 778 1271 805 versus
1293 761 1444 819 OEdip.
1472 763 1530 802 T.
1551 774 1620 817 31.

154 849 268 890 seqq.
288 844 499 891 comparat
522 833 744 876 Stanleius.

214 903 309 955 776.
343 900 690 955 ἆναρπαξάνδραν]
717 901 965 958 Legendum
995 903 1069 942 τᾶν
1089 899 1368 954 ἁρπαξάνδραν
1388 913 1483 939 cum
1507 899 1620 939 Her-

154 985 306 1011 manno
325 969 441 1026 apud
464 969 633 1011 Seidler.
655 969 708 1010 de
729 985 833 1011 vers.
857 969 1019 1011 dochm.
1041 984 1082 1025 p.
1103 980 1197 1024 190.

214 1048 311 1093 779.
343 1036 518 1093 ἐγένετο]
552 1038 690 1091 ἔγεντο
719 1036 894 1094 conjecit
919 1037 1151 1088 Amandus,
1177 1052 1263 1093 quo
1292 1035 1526 1078 accuratius
1556 1034 1622 1076 hic

155 1121 298 1147 versus
317 1105 925 1162 antistrophico,responderet:
959 1120 1040 1146 non
1063 1105 1183 1146 male.

214 1174 311 1228 781.
333 1172 552 1228 μαινομένᾳ
573 1173 724 1229 κραδίᾳ]
747 1173 867 1214 Libri
889 1173 1075 1215 nonnulli
1096 1172 1316 1228 μαινομένῃ
1336 1181 1378 1213 et
1400 1173 1547 1227 καρδίᾳ.

213 1242 311 1295 784.
342 1240 671 1296 κρεισσοτέκνων]
698 1240 843 1283 Lectio
872 1251 1083 1297 corrupta,
1104 1240 1146 1281 in
1170 1239 1440 1293 κυρσοτέκνων
1461 1248 1623 1280 mutata

154 1309 208 1350 ab
230 1310 475 1350 Hermanno
496 1310 653 1365 Opusc.
676 1308 756 1351 vol.
782 1321 820 1362 7.
845 1324 887 1365 p.
911 1321 1005 1361 204.
1038 1310 1277 1349 Paucorum
1299 1307 1498 1348 librorum
1522 1305 1622 1347 vitia

155 1386 253 1419 sunt
282 1378 453 1430 κρείσσω
483 1376 643 1425 τέκνων,
675 1376 789 1432 quod
818 1385 881 1418 est
909 1376 951 1417 in
979 1376 1104 1417 A.M.
1138 1375 1258 1426 Ald.‚
1279 1374 1345 1416 vel
1378 1373 1622 1428 κρεισσόνων

154 1444 316 1496 τέκνων,
338 1444 451 1500 quod
474 1444 674 1502 expressit
695 1444 807 1486 Rob.

213 1512 417 1569 ὀμμάτων]
440 1513 561 1554 Libri
582 1513 650 1554 alii
671 1513 702 1554 δ’
725 1513 923 1566 ὀμμάτων,
946 1513 1061 1569 quod
1088 1522 1149 1554 est
1173 1513 1215 1553 in
1238 1513 1297 1562 A,
1319 1510 1387 1553 alii
1409 1509 1439 1552 δ’
1463 1509 1527 1552 ἀπ’
1549 1511 1620 1563 ὀμ-

153 1580 300 1632 μάτων,
326 1580 439 1636 quod
469 1581 622 1623 habent
646 1581 709 1622 M.
731 1580 834 1622 Ald.
865 1582 905 1621 T
912 1596 1023 1631 urn.‚
1048 1580 1116 1622 alii
1140 1579 1322 1636 denique
1349 1577 1414 1621 ἀπ’
1436 1577 1621 1631 ὀμμάτων

154 1663 248 1689 cum
272 1648 384 1690 Rob.
413 1647 621 1704 ἐπλάγχθη
648 1664 742 1691 cum
772 1647 956 1705 genitivo
982 1658 1264 1690 constructum
1291 1658 1335 1688 ut
1357 1650 1533 1689 ἀλᾶσθαι
1551 1662 1620 1703 ap.

154 1716 306 1773 Eurip.
331 1717 408 1759 Tr.
431 1719 527 1773 635.
549 1727 591 1759 et
611 1717 782 1759 Pindar.
801 1718 871 1758 Ol.
896 1731 931 1769 1,
948 1731 1016 1773 94.
1038 1732 1135 1773 quae
1156 1715 1346 1772 exempla
1366 1715 1621 1772 comparavit

156 1785 442 1827 Blomfieldus.

212 1855 315 1895 Post
335 1853 543 1909 ἐπλάγχθη
564 1853 653 1896 colo
674 1854 738 1895 vel
760 1863 963 1895 commate
982 1863 1044 1895 est
1064 1852 1462 1909 interpungendum.

213 1922 311 1978 785.
347 1922 498 1966 τέκνοις
532 1923 563 1964 δ’
597 1923 753 1977 ἆραίας]
790 1921 1062 1964 Scribendum
1099 1920 1299 1963 τέκνοισιν
1332 1919 1363 1962 δ’
1398 1918 1493 1973 ἀράς
1524 1935 1620 1961 cum

155 1992 416 2033 Hermanno.

213 2059 308 2112 786.
332 2060 495 2114 ἐφῆκεν]
522 2060 674 2112 ἀφῆκεν
693 2059 852 2115 aliquot
871 2059 995 2101 codd.

211 2123 360 2180 ἐφῆκεν
389 2125 589 2170 ἐπικότους
623 2125 789 2182 τροφάς]
823 2126 1065 2178 Scholiasta,
1102 2128 1340 2179 ἐπιβλαβεῖς
1376 2127 1418 2167 δὲ
1453 2126 1620 2169 ἐντολὰς

152 2194 242 2247 περὶ
261 2199 419 2248 τροφῶν
439 2196 586 2248 ἐφῆκεν
606 2195 748 2238 αὐτοῖς.
810 2194 1082 2236 Scribendum
1113 2192 1316 2238 ἐπικότους
1344 2196 1495 2248 τροφᾶς
1524 2208 1619 2235 cum

156 2261 392 2314 Schuetzio,
413 2263 486 2319 qui
506 2271 616 2304 reete
635 2262 946 2320 interpretatur,
968 2263 1308 2320 indigmfirens
1328 2277 1371 2304 se
1390 2263 1621 2318 talesfilios

154 2329 360 2372 educasse.
439 2330 596 2371 Infelix
636 2330 810 2372 Heathii
851 2330 1089 2387 conjectura
1128 2331 1308 2374 ἐπίκοτος
1352 2333 1501 2384 τροφᾶς
1543 2339 1620 2380 est,

9 2408 11 2410 ·
83 2421 88 2426 -
155 2405 313 2452 patrem
349 2397 616 2453 intelligentis
655 2398 716 2439 ira
749 2398 962 2440 incensum
1002 2407 1174 2454 propter
1207 2397 1361 2438 victum
1397 2413 1522 2453 quem
1563 2397 1622 2438 illi

154 2478 278 2519 parce
296 2465 537 2520 praebebant
553 2465 648 2507 filii:
681 2480 807 2521 quam
829 2465 1212 2521 interpretationem
1235 2464 1464 2506 scholiastae
1484 2465 1623 2522 cujus-

156 2531 251 2572 dam
282 2532 546 2574 annotatione
577 2533 630 2573 ad
668 2533 796 2588 Soph.
826 2532 931 2574 OEd.
968 2532 1060 2573 Col.
1094 2542 1214 2587 1375.
1244 2532 1477 2573 confirmari
1508 2533 1620 2574 arbi-

156 2606 304 2647 tratur,
327 2603 440 2641 τοῦτο
470 2599 747 2652 ἁπαξάπαντες
773 2602 811 2642 οἱ
837 2600 913 2654 πρὸ
941 2601 1049 2652 ἡμῶν
1068 2601 1431 2652 παραλελοίπασιν.
1465 2600 1550 2654 ἔχει
1579 2602 1623 2642 δὲ

155 2669 205 2708 τὰ
225 2666 303 2708 ἀπὸ
327 2670 395 2718 τῆς
421 2669 595 2720 ἱστορίας
624 2669 756 2711 οὕτως.
789 2669 826 2709 οἱ
855 2669 944 2720 περὶ
971 2666 1190 2708 Ἐτεοκλέα
1218 2667 1282 2707 καὶ
1303 2667 1554 2718 Πολυνείκην
1574 2667 1620 2709 δι’

156 2734 270 2778 ἔθους
289 2734 449 2788 ἔχοντες
468 2736 520 2791 τῷ
540 2735 656 2788 πατρὶ
677 2737 859 2776 Οἰδίποδι
878 2735 1048 2787 πέμπειν
1069 2736 1111 2785 ἐξ
1133 2732 1301 2774 ἑκάστου
1321 2734 1462 2786 ἱερείου
1481 2738 1623 2787 μοῖραν

156 2802 225 2843 τὸν
254 2801 376 2854 ὦμον,
409 2803 668 2854 ἐκλαθόμενοι
696 2804 791 2844 ποτὲ
819 2804 896 2844 εἴτε
929 2804 1027 2843 κατὰ
1048 2802 1255 2856 ῥᾳστώνην
1280 2802 1358 2842 εἴτε
1390 2802 1432 2851 ἐξ
1459 2802 1623 2843 ὁτουοῦν

157 2870 290 2923 ἰσχίον
311 2869 412 2926 αὐτῷ
434 2869 633 2923 ἔπεμψαν.
665 2871 686 2910 ὁ
710 2871 753 2911 δὲ
771 2870 1026 2924 μικροψύχως
1052 2869 1115 2910 καὶ
1144 2867 1292 2911 τελέως
1322 2868 1497 2920 ἀγεννῶς
1527 2870 1623 2922 ἆρᾶς

157 2937 268 2978 ἔθετο
300 2935 380 2977 κατ’
413 2937 550 2988 αὐτῶν,
584 2935 698 2988 δόξας
728 2939 1093 2990 κατολιγωρεῖσθαι.
1126 2938 1249 2976 ταῦτα
1283 2936 1304 2974 ὁ
1334 2935 1406 2986 τὴν
1437 2937 1622 2988 κυκλικὴν

158 3003 347 3056 Θηβαΐδα
366 3004 534 3056 ποιήσας
555 3007 706 3058 ἱστορεῖ
723 3005 843 3048 οὕτως
