1898 3178
703 185 1066 227 PRAEFATIO.
1564 183 1614 235 u

151 311 417 358 madvertit.
486 311 856 358 Emendationes
894 317 1056 357 autem
1096 310 1304 357 Turnebi
1346 309 1520 373 partim
1560 324 1622 355 ex

152 388 315 434 codice
338 388 540 448 quodam
557 387 821 434 Ranconeti
838 393 934 433 tres
956 388 1130 448 primas
1152 386 1334 432 fabulas
1358 384 1622 446 complexo,

154 464 294 511 simili
341 464 551 510 Parisino
597 464 665 518 O„
713 479 855 525 quem
893 463 1031 509 illum
1071 464 1227 524 ipsum
1268 463 1481 509 codicem
1522 477 1623 508 esse

153 543 355 601 conjecit
379 541 643 596 Elmsleius‚
663 547 773 588 sunt
796 542 945 595 factae,
969 542 1143 602 partim
1161 556 1222 587 ex
1240 540 1428 586 scholiis
1446 538 1625 586 Graecis

155 620 332 680 petitae,
368 634 470 679 quae
506 619 700 664 ineunte
734 634 857 664 anno
886 631 1011 678 1552.
1043 616 1173 676 (nam
1207 618 1419 678 praefatio
1460 616 1626 662 Idibus

123 757 127 761 q
157 695 507 742 Novembribus
552 711 593 741 a.
631 713 648 740 1
654 710 681 755 5
684 710 754 754 51.
796 696 969 756 scripta
1014 696 1106 756 est)
1148 694 1368 741 Venetiis
1414 694 1626 740 ediderat

156 772 472 826 Robortellus‚
495 773 669 832 partim
693 773 896 832 denique
927 787 988 817 ex
1019 772 1291 832 conjectura
1324 776 1435 817 sunt
1468 770 1626 817 illatae.

157 849 215 894 In
253 865 346 909 quo
385 864 558 910 genere
597 850 666 895 ita
705 854 916 895 versatus
957 853 1030 895 est
1066 848 1311 894 Turnebus
1356 854 1411 894 ut
1450 848 1628 896 leviora

156 927 273 971 vitia
305 941 401 971 non
434 941 537 971 raro
571 932 702 972 recte
730 926 995 987 corrigeret,
1026 925 1118 971 alia
1151 925 1355 985 plurima
1381 931 1543 972 autem
1578 927 1629 973 in

158 1008 383 1063 quattuor
417 1003 666 1062 postremis
705 1002 914 1047 maxime
953 1002 1126 1048 fabulis
1166 1002 1442 1063 corrigendo
1478 1005 1629 1065 magis

159 1080 303 1125 etiam
328 1080 631 1139 depravaret:
668 1079 794 1139 quod
817 1093 912 1124 non
939 1078 1109 1124 inutile
1142 1078 1233 1124 erit
1267 1078 1448 1139 aliquot
1477 1080 1631 1127 deela-

159 1171 284 1202 rasse
309 1154 552 1216 exemplis.

401 1246 537 1287 Aldus
922 1246 1148 1288 Turnebus
1334 1248 1598 1291 scribendum

136 1325 277 1377 Agam.
329 1327 414 1376 158.
436 1325 635 1374 ὁμόφρονον
832 1327 1000 1374 ὁμόφρων
1019 1328 1066 1363 ὢν
1266 1329 1451 1375 ὁμόφωνον

332 1391 418 1439 187.
438 1390 564 1437 τὺχεσι
833 1391 968 1437 τείχεσι
1266 1391 1411 1440 τύχαισι

330 1456 419 1503 248.
439 1456 602 1503 ἅγραντοι
834 1455 1000 1503 ἅχραντοι
1266 1456 1426 1504 ἄκραντοι

308 1519 422 1568 1083.
441 1521 560 1567 χράειν
835 1521 951 1555 κλάειν
1267 1521 1415 1568 χρήσειν

309 1597 323 1621 1
335 1596 351 1621 1
364 1597 424 1634 19.
446 1586 531 1630 κάλη
835 1587 935 1620 καλεῖ
1269 1587 1360 1623 κέλει

143 1649 317 1702 Choeph.
340 1659 429 1699 259.
449 1651 547 1687 ἕλοις
834 1648 929 1686 ἕλοις
1269 1653 1364 1698 ἔχοις

335 1725 428 1762 424.
448 1715 585 1760 νόμοισι
603 1713 806 1761 λεμιστρίας
838 1716 976 1760 νόμοισι
987 1715 1238 1764 πολεμιστρίας
1271 1718 1387 1762 νόμοις
1405 1718 1642 1768 ἰηλεμιστρίας

332 1777 424 1825 426.
445 1778 632 1825 ὀρείγματα
839 1776 1017 1826 ὀρύγματα
1270 1779 1444 1828 ὀρέγματα

334 1842 384 1878 62
395 1854 426 1879 1.
445 1842 648 1890 ἀκανόφρων
838 1842 1050 1891 ἀγανόφρονι
1270 1843 1293 1879 ἆ
1311 1844 1492 1894 κυνόφρων

335 1906 426 1956 865.
447 1908 586 1955 πάτρων
838 1911 996 1957 πατρῷον
1270 1912 1428 1959 πατέρων

336 1970 426 2018 884·
446 1971 555 2019 ἀρχὴν
839 1971 928 2018 ἇρκὴ
1272 1975 1382 2021 αὐχὴν

334 2036 426 2084 916.
445 2035 563 2082 ὅτιμος
839 2036 959 2082 ἄτιμος
1272 2040 1291 2073 ὁ
1310 2041 1408 2085 τῖμος

148 2099 315 2138 Eumen.
338 2111 427 2149 279.
446 2102 596 2148 φρωνεῖν
840 2101 984 2147 φρονεῖν
1273 2105 1402 2150 φωνεῖν

338 2175 430 2214 529.
449 2166 541 2213 με’τῳ
559 2164 600 2199 τὸ
841 2165 904 2210 μὲν
922 2165 991 2214 ὅτῳ
1272 2169 1370 2218 μέσῳ
1385 2171 1427 2205 τὸ

149 2227 288 2280 Suppl.
368 2229 427 2266 16.
447 2230 567 2265 καίασε
842 2230 988 2265 κάλεσεν
1274 2235 1401 2270 κέλσαι

341 2305 430 2342 123.
450 2292 625 2340 πελομίων
842 2294 1016 2340 πολεμίων
1038 2295 1132 2336 (non
1156 2294 1238 2333 axii-
1272 2300 1471 2346 πελομένων

888 2358 1088 2396 madverso
1161 2359 1238 2398 fre-

889 2421 1143 2472 quentissimo
1176 2430 1238 2474 ty-

888 2486 1058 2538 pothetae
1109 2487 1240 2525 Aldini

888 2563 1017 2588 errore
1058 2550 1191 2589 literas
1229 2569 1241 2587 ι

889 2622 929 2652 et
957 2631 993 2651 εν
1020 2623 1243 2666 permutan-

888 2679 969 2727 tis.)

340 2757 361 2791 3
377 2744 432 2781 18.
451 2746 579 2791 πατρὸς
597 2744 690 2780 τοῦδ’
845 2745 975 2791 πατρὸς
994 2746 1067 2780 οὐδ’
1278 2749 1409 2795 πατέρα
1427 2749 1522 2784 τοῦδ’

342 2821 434 2857 321.
454 2812 516 2844 τοῦ
534 2808 692 2856 δαναοίγε
847 2812 910 2844 τοῦ
928 2824 969 2856 γε
989 2812 1124 2845 Δαναοῦ
1279 2811 1373 2847 τοῦδ’
1393 2812 1509 2860 ἄνοιγε

342 2874 434 2921 674.
454 2873 483 2909 δ’
501 2873 558 2920 ἐφ’
578 2875 689 2921 ὁργῶς
848 2874 878 2910 δ’
898 2875 1048 2922 εὐόργως
1279 2876 1317 2911 δὲ
1335 2875 1465 2924 φόρους
1484 2880 1549 2925 γᾶς

343 2938 436 2987 694.
453 2939 630 2985 ἐπιβωμὰν
849 2940 1015 2988 ἐπιβοῷεν
1281 2941 1336 2977 ἐπὶ
1354 2944 1485 2988 βωμοῖς

873 3007 957 3048 132
