1898 3256
320 217 375 260 46
792 219 1287 260 ANNOTATIONES

318 324 515 365 niciosum
538 334 644 365 recte
663 323 811 364 delevit
835 323 1079 364 Brunckius.
1114 323 1366 377 Corruptum
1390 322 1552 364 videtui·
1570 338 1619 364 ex
1642 325 1755 375 ὅμως,

317 405 402 445 quo
423 391 543 441 ἔμπας
566 405 672 430 unus
691 405 741 430 ex
762 389 985 430 scholiastis
1003 389 1305 443 interpretatur.

379 457 470 497 188.
490 455 598 508 ποθ’]
619 455 697 496 τόθ’
720 455 805 495 (1υο
824 454 944 495 codd.

375 523 489 578 ὅταν]
513 521 566 562 ὅτ’
589 522 638 563 ἂν
659 523 724 563 Μ.
746 523 857 562 Rob.

374 588 530 642 ῥαισθῇ]
560 590 682 643 ῥεχθῇ
715 587 831 628 codd.
865 586 1064 642 quinque,
1095 586 1208 641 quod
1239 586 1280 626 in
1316 586 1403 627 aliis
1434 586 1680 641 quibusdam
1713 588 1754 629 in

317 655 464 710 ρεγχθῇ
495 653 558 694 vel
588 655 727 706 ραιχθῇ
758 662 1012 708 corruptum.
1054 653 1175 708 ῥεχθῇ
1203 667 1279 708 pro
1311 652 1420 693 varia
1443 653 1613 694 lectione
1643 655 1752 695 A.B.

318 734 410 760 cum
432 719 487 775 gl.
508 720 629 772 ἤγουν
649 721 744 760 ὅταν
763 722 968 772 πραχθῶσι
986 720 1035 758 τὰ
1054 719 1261 771 πράγματα
1280 720 1399 762 οὕτως
1418 720 1467 762 ὡς
1485 718 1604 772 λέγω.

379 799 472 839 191.
504 788 558 828 εἰς
587 786 735 838 ἀρθμὸν
757 785 941 837 (ἀριθμὸν
960 784 1117 840 aliquot
1140 785 1258 826 codd.
1279 800 1373 826 cum
1394 785 1496 826 Ald.
1517 786 1647 840 Rob.)
1670 788 1754 838 ἐμοὶ

319 853 381 892 καὶ
401 851 614 906 φιλότητα]
647 852 820 892 Homer.
845 850 897 891 Il.
920 854 973 900 H,
988 862 1085 904 302.
1107 850 1160 891 ’H
1182 850 1214 892 δ’
1237 850 1316 892 αὖτ’
1337 853 1382 892 έν
1402 853 1581 904 φιλότητι
1601 851 1751 903 διέτμα-

316 935 388 970 γεν
418 917 678 970 ἀρθμήσαντε.
709 918 871 972 Hymn.
901 916 954 957 ad
985 918 1167 957 Mercur.
1188 930 1287 971 521.
1307 918 1495 969 Λητοΐδης
1521 917 1755 960 κατένευσεν

318 985 375 1024 ἐπ’
410 985 539 1038 ἀρθμῷ
571 984 634 1024 καὶ
664 984 857 1036 φιλότητι.
900 982 1068 1037 quicum
1102 982 1377 1024 Ruhnkenius
1408 985 1544 1038 Epist.
1576 985 1677 1026 Crit.
1715 999 1753 1026 ι.

315 1063 358 1104 p.
383 1050 445 1092 28.
467 1059 676 1105 comparat
697 1047 856 1090 callim.
880 1049 950 1089 Fr.
975 1062 1063 1103 ¹99·
1083 1048 1256 1101 Ἀρθμὸν
1280 1049 1311 1090 δ’
1334 1050 1566 1102 ἀμφοτέροις
1597 1053 1659 1092 καὶ
1687 1058 1752 1105 φι-

317 1117 410 1156 λίαν
441 1116 597 1167 ἔταμον.
646 1114 850 1156 Herodot.
880 1115 920 1155 6.
949 1114 1016 1169 83.
1053 1113 1148 1158 τέως
1177 1116 1251 1167 μὲν
1279 1114 1324 1166 δή
1354 1121 1428 1168 σφι
1459 1116 1508 1167 ἤν
1541 1118 1683 1169 ἄρθμια
1714 1119 1755 1160 ἐς

318 1181 530 1233 ἀλλήλους.
564 1182 794 1222 BLOMF.

379 1261 471 1301 194.
493 1247 701 1301 αἰτιάματι]
728 1246 984 1287 Vocabulum
1005 1262 1055 1287 ex
1085 1246 1162 1287 hoc
1191 1246 1280 1288 loco
1297 1258 1535 1290 annotatum
1557 1250 1610 1290 ab
1630 1249 1753 1291 Anti-

316 1313 491 1355 atticista
509 1313 550 1353 in
573 1312 750 1353 Bekkeri
772 1313 931 1354 Anecd.
954 1328 995 1368 p.
1018 1314 1086 1366 78,
1108 1324 1174 1367 25.

378 1382 469 1434 196.
503 1382 539 1422 εἴ
555 1397 592 1421 τι
609 1380 661 1431 μὴ
680 1380 851 1432 βλάπτει
865 1381 988 1435 λόγῳ.
1039 1379 1257 1421 Gisbertus
1285 1381 1476 1435 Cuperus
1496 1380 1597 1421 obs.
1618 1393 1661 1434 3,
1686 1391 1752 1435 15.

317 1446 421 1487 hanc
445 1462 467 1487 e
495 1445 681 1487 formulis
700 1462 785 1487 esse
804 1446 876 1498 ait,
895 1462 990 1502 quae
1011 1448 1230 1487 Oratorum
1260 1446 1436 1502 propriae
1457 1456 1567 1496 sunt,
1586 1447 1753 1502 quando

316 1528 540 1554 sermonem
562 1514 614 1554 ad
635 1513 841 1555 auditores
860 1513 1057 1568 dirigunt.
1104 1513 1220 1554 Infra
1242 1517 1335 1568 763.
1354 1515 1462 1568 Ποίῳ
1482 1516 1610 1569 τρόπῳ
1630 1514 1752 1565 σήμη-

316 1597 398 1627 νον,
421 1582 456 1620 εἷ
474 1580 525 1631 μή
543 1596 600 1622 τις
617 1579 770 1631 βλάβη.
801 1578 955 1621 AElian.
983 1581 1032 1620 V.
1055 1581 1114 1621 H.
1142 1593 1202 1634 13,
1229 1593 1264 1620 1.
1295 1579 1395 1632 φέρε
1423 1581 1466 1620 δὲ
1494 1581 1556 1621 καὶ
1581 1579 1624 1620 τὸ
1653 1579 1753 1623 εἶδος

316 1647 442 1697 αὐτῆς,
466 1649 502 1688 εἴ
519 1664 554 1688 τι
571 1648 623 1698 μὴ
643 1651 771 1696 λυπεῖ,
794 1646 1010 1699 διαγράφω.
1042 1647 1273 1688 BLOMF.
1317 1645 1476 1697 βλάπτῃ
1496 1646 1600 1687 libri.

372 1714 591 1767 δύσποτμα]
616 1714 834 1763 δύσποτμος
854 1713 906 1753 F.

372 1791 467 1821 201.
498 1778 629 1834 ἔδρας]
661 1780 771 1832 ἕδρης
796 1779 906 1819 Α.Β.
934 1778 1084 1834 aliique
1107 1778 1293 1819 nonnulli
1325 1786 1368 1819 et
1400 1778 1497 1819 Ald.
1559 1779 1753 1820 Similiter

312 1854 454 1886 contra
482 1845 699 1887 dialectum
730 1856 898 1902 peccant
927 1847 1200 1898 ὀλιγοδρανίην
1224 1861 1264 1886 ν.
1284 1847 1382 1900 548.
1414 1847 1632 1898 ἀμπλακίης
1653 1849 1750 1902 563.

311 1911 506 1966 Ἰναχείης
525 1928 564 1953 v.
584 1924 682 1967 590.

373 1991 466 2021 202.
489 1979 678 2034 ἀνάσσοι]
701 1978 856 2029 ἀνάσσῃ
877 1977 1063 2018 undecim
1085 1977 1206 2019 codd.
1227 1988 1268 2019 et
1288 1978 1389 2018 Ald.

373 2058 466 2097 204.
499 2045 670 2100 ἐνταῦθ’]
704 2044 821 2085 Libri
849 2044 1006 2099 aliquot
1036 2044 1180 2084 ἐντεῦθ’
1215 2044 1276 2085 vel
1308 2047 1488 2086 ἐντεῦθεν
1518 2054 1559 2086 et
1589 2047 1751 2098 τᾶριστα

313 2126 389 2166 pro
409 2114 456 2152 τὰ
474 2113 624 2166 λῷστα.

373 2179 471 2218 206.
493 2178 675 2231 αἱμύλας]
700 2178 885 2228 αἱμύλους
906 2191 987 2217 var.
1011 2176 1128 2217 lectio
1147 2176 1187 2217 in
1209 2177 1365 2232 aliquot
1383 2178 1503 2218 codd.

373 2243 465 2284 208.
487 2243 629 2295 ἀμοχθὶ
649 2243 713 2283 Μ.
760 2243 898 2297 Vulgo
916 2243 1090 2295 ἀμοχθεί.

374 2323 469 2363 209.
499 2309 622 2361 Θέμις
641 2309 703 2349 καὶ
728 2310 852 2361 (ἀλλὰ
873 2309 935 2349 καὶ
956 2309 1056 2348 Ven.
1082 2322 1117 2349 1.
1138 2318 1180 2349 et
1199 2309 1318 2363 Ald.)
1343 2312 1459 2365 Γαῖα]
1494 2313 1588 2362 Quo
1617 2312 1750 2352 minus

313 2376 521 2417 dubitaret
546 2375 603 2416 ita
621 2375 808 2416 futurum
836 2389 935 2424 esse,
964 2374 1239 2429 praedixerant
1269 2376 1346 2418 hoc
1367 2378 1614 2419 Prometheo
1634 2379 1747 2419 The-

315 2443 402 2490 mis,
426 2452 554 2483 mater
573 2442 662 2498 ejus
681 2441 747 2495 (cf.
770 2457 808 2482 ν.
834 2442 933 2494 18.),
954 2451 994 2482 et
1013 2441 1104 2482 avia
1125 2442 1284 2492 Tellus,
1307 2454 1353 2484 ut
1375 2459 1551 2499 quarum
1574 2455 1750 2500 utraque

313 2519 416 2550 esset
437 2519 560 2549 vates,
621 2507 774 2564 Pythia
794 2508 1073 2548 Eumenidum
1103 2508 1240 2550 initio:
1273 2514 1426 2561 πρῶτον
1444 2513 1517 2562 μὲν
1538 2512 1631 2565 εὐχῇ
1660 2513 1751 2563 τῇδε

315 2577 523 2628 πρεσβεύω
543 2579 642 2616 θεῶν
663 2575 732 2625 τὴν
752 2575 1019 2626 πρωτόμαντιν
1035 2580 1171 2623 Γαῖαν,
1195 2578 1237 2617 ἐκ
1266 2579 1308 2618 δὲ
1333 2580 1398 2627 τῆς
1418 2578 1556 2629 Θέμιν,
1578 2579 1602 2629 ἢ
1632 2579 1677 2629 δὴ
1705 2579 1750 2619 τὸ

313 2643 453 2694 μητρὸς
482 2641 642 2694 δευτέρα
671 2642 747 2682 τόδ’
779 2642 883 2689 ἕζετο
911 2647 1107 2692 μαντεῖον,
1139 2644 1188 2686 ὡς
1206 2644 1326 2696 λόγος
1349 2661 1416 2686 τις.
1467 2645 1589 2685 Conf.
1612 2644 1749 2685 Ovidii

314 2709 554 2764 interpretes
589 2709 763 2749 Metam.
804 2721 841 2756 1,
869 2720 968 2762 321.
1019 2709 1226 2761 Similiter,
1260 2720 1448 2752 monente
1481 2711 1673 2752 Jacobsio
1706 2711 1747 2751 in

316 2776 468 2815 Museo
496 2774 640 2815 Attico
660 2788 700 2829 3.
721 2788 764 2829 3,
787 2790 825 2830 p.
857 2776 955 2826 406.
988 2775 1196 2816 Hesiodus
1217 2776 1434 2832 Theogon.
1455 2779 1551 2819 626.
1576 2777 1627 2818 de
1653 2792 1747 2817 con-

314 2841 402 2881 silio
439 2842 582 2882 Terrae
622 2841 811 2881 liberatos
849 2855 934 2881 esse
972 2841 1028 2882 ait
1060 2842 1336 2893 Centimanos,
1372 2852 1418 2883 ut
1451 2844 1549 2884 Jovi
1589 2843 1746 2898 diisque
