1898 3256
292 221 375 263 170
496 253 499 255 -
761 225 1255 268 ANNOTATIONES

289 335 356 383 -τῆς
385 333 571 386 κεφαλῆς.
621 333 808 391 Alciphr.
829 350 871 392 3,
895 340 960 378 16.
989 337 1150 390 κράνους
1169 339 1211 378 δὲ
1231 339 1400 379 ἐπαινεῖς
1418 338 1636 390 τριλοφίαν,
1659 337 1724 379 καὶ

286 401 452 445 ἀσπίδος
483 403 585 455 ἐρᾷς.
617 402 689 444 ubi
722 404 941 460 Berglerus
971 405 1143 446 contulit
1175 404 1364 446 Strabon.
1391 417 1431 458 3.
1458 419 1499 460 p.
1526 417 1619 459 231.
1647 404 1721 460 qui

213 517 220 523 ρ
290 467 415 508 tradit
445 468 666 510 Lusitanos
692 472 899 523 τριλοφίαν
929 471 1107 526 gessisse.
1153 471 1338 526 Polyaen.
1368 471 1407 520 8,
1434 483 1503 524 59.
1532 472 1725 524 τρίλοφον

287 534 439 586 κράνος.
473 535 540 575 Cf.
558 534 699 590 virgil.
718 537 817 577 AEn.
840 547 880 590 7,
902 538 994 591 785.
1026 537 1174 592 Adjice
1194 538 1365 578 Homer.
1388 537 1538 593 Odyss.
1559 541 1609 587 T,
1628 547 1722 591 177.

290 600 460 653 Δωριέες
493 618 535 642 τε
566 602 772 656 τριχάϊκες.
813 603 883 644 ubi
918 603 1041 644 schol.
1076 605 1345 647 Ἀπολλώνιος
1377 604 1463 647 τοὺς
1491 604 1724 655 πολεμικοὺς

286 667 411 720 λέγει,
434 668 510 708 ἀπὸ
530 671 598 709 τοῦ
618 668 830 712 ἀίσσοντας
855 671 916 711 καὶ
938 672 1180 713 ἐπισείοντας
1209 673 1277 714 τὰς
1305 672 1422 722 κόμας
1442 673 1486 712 ἐν
1504 674 1550 722 τῇ
1570 686 1719 722 περικε-

289 736 442 788 φαλαίᾳ
472 736 514 775 ἔν
534 737 585 790 τῷ
605 739 804 788 πολεμεῖν,
826 738 915 778 ἴσον
934 738 985 792 τῷ
1008 737 1211 790 κορυθάϊκι.
1244 738 1321 779 εἶσὶ
1341 739 1398 788 δὲ,
1420 738 1456 779 οἳ
1476 738 1563 780 τοὺς
1590 738 1719 789 τριλό-

288 805 397 853 φους,
420 803 457 842 οἱ
477 803 518 842 δὲ
537 803 624 844 τοὺς
643 804 840 856 ὀρχηστὰς
859 805 1121 845 ἀποδιδόασιν.
1154 805 1380 845 BLOMF.

343 867 441 921 385.
465 869 581 922 σείει]
607 868 781 910 Cristam
802 879 971 924 quatere
997 870 1215 912 terrificum
1244 872 1479 927 putabatur.
1524 873 1722 927 Tyrtaeus

284 933 442 974 ‘Stobaei
461 945 529 987 50.
550 949 589 990 p.
616 948 687 989 19¹
699 968 708 976 .
731 937 916 992 Δεξιτερῇ
937 935 966 977 δ’
986 938 1029 977 ἐν
1048 928 1150 990 χειρὶ
1168 938 1383 979 τινασσέτω
1403 940 1568 990 ὄβριμον
1588 938 1719 991 ἔγχος,

289 1001 450 1040 Κινείτω
472 1002 514 1041 δὲ
533 1003 662 1053 λόφον
683 1002 811 1043 δεινὸν
829 1004 924 1055 ὑπὲρ
956 1007 1138 1056 κεφαλῆς.
1188 1003 1357 1045 Alcaeus
1385 1004 1496 1060 apud
1527 1003 1719 1045 Eustath.

286 1065 327 1105 in
362 1065 482 1107 Iliad.
514 1071 558 1108 B.
600 1083 640 1123 p.
661 1069 760 1123 367,
792 1070 856 1111 28.
895 1069 1035 1122 Λόφον
1073 1072 1190 1111 σείων
1230 1069 1410 1123 Καρικόν.
1460 1069 1720 1126 Idem-apud

287 1132 442 1174 Athen.
472 1147 532 1186 14.
563 1150 604 1190 p.
626 1136 704 1188 627
729 1137 786 1176 A.
808 1138 948 1177 Λευκοὶ
970 1138 1206 1190 καθύπερθεν
1226 1139 1370 1179 ἵππειοι
1394 1136 1514 1190 λόφοι
1543 1138 1723 1178 νεύουσιν

290 1205 525 1253 κεφαλαῖσιν
545 1203 694 1254 ἀνδρῶν
713 1202 956 1255 τάγάλματα.
1003 1203 1156 1245 AElian.
1178 1203 1290 1260 apud
1318 1203 1433 1244 Suid.
1455 1219 1492 1244 v.
1514 1204 1719 1246 Βούλυτος.

289 1267 365 1308 Καὶ
390 1271 541 1319 βαίνων
566 1271 703 1321 μακρὰ,
728 1269 789 1310 καὶ
820 1272 937 1322 αἴρων
965 1269 1033 1310 τὸν
1059 1269 1270 1323 τράχηλον,
1298 1271 1360 1311 καὶ
1385 1271 1455 1310 τὸν
1480 1268 1612 1322 λόφον
1641 1271 1722 1310 ἐπι-

288 1335 419 1382 σείων,
442 1336 527 1375 οἶον
547 1336 708 1386 ὁπλίτης
727 1339 881 1388 γαῦρος.
925 1336 1107 1392 Hesyeh.
1128 1336 1432 1388 Τινακτοπήληξ.
1463 1335 1719 1388 σεισόλοφος.

289 1401 483 1442 Ceterum
514 1401 594 1442 huc
625 1402 823 1458 respicere
853 1402 1016 1443 videtur
1041 1402 1337 1458 Aristophanes
1364 1403 1473 1442 Ran.
1499 1410 1617 1455 1015.
1649 1401 1720 1442 ubi

287 1482 329 1508 se
356 1468 486 1523 jactat
517 1469 754 1524 AEschylus,
786 1484 866 1509 non
898 1469 950 1510 ad
985 1469 1111 1510 instar
1142 1469 1369 1522 Euripidis,
1403 1483 1594 1525 personas
1627 1483 1721 1509 suas

286 1534 450 1576 finxisse
471 1534 570 1586 Μήτ’
592 1537 809 1588 ἀγοραίους,
829 1535 925 1587 μήτε
946 1535 1152 1586 κοβάλους,
1174 1536 1306 1588 ὥσπερ
1330 1539 1412 1583 νῦν,
1433 1536 1528 1587 μήτε
1555 1536 1722 1587 πανούρ-

287 1616 390 1653 γους·
420 1601 551 1642 Ἀλλᾶ
577 1601 767 1646 πνέοντας
794 1601 884 1655 δόρυ
914 1603 978 1643 καὶ
1001 1601 1164 1656 λόγχας,
1196 1603 1257 1643 καὶ
1283 1601 1550 1655 λευκολόφους
1577 1607 1723 1654 τρυφα-

286 1669 410 1716 λείας,
434 1670 509 1710 Καὶ
528 1669 714 1720 πήληκας,
737 1670 799 1710 καὶ
820 1673 1011 1721 κνημῖδας,
1035 1670 1097 1709 καὶ
1118 1669 1259 1721 θυμοὺς
1280 1670 1543 1720 ἑπταβοείους.
1588 1668 1722 1710 Alcaei

286 1733 413 1785 locus,
443 1734 575 1789 λόφον
602 1737 720 1776 σείων
752 1735 932 1788 Καρικὸν,
969 1751 1017 1776 ex
1052 1735 1268 1777 Herodoto
1290 1735 1530 1786 illustratur,
1562 1749 1596 1786 1,
1629 1747 1721 1788 171.

286 1804 351 1844 καὶ
376 1805 451 1857 γὰρ
478 1804 541 1844 ἐπὶ
565 1805 613 1844 τὰ
644 1801 786 1856 κράνεα
814 1802 964 1855 λόφους
995 1802 1217 1844 ἐπιδέεσθαι
1246 1802 1373 1856 Κᾶρές
1400 1804 1476 1843 εἶσι
1498 1804 1536 1843 οἱ
1565 1803 1724 1844 καταδέ-

286 1874 436 1920 ξαντες.
495 1871 562 1911 De
600 1870 731 1911 cristae
769 1869 992 1910 motatione
1030 1870 1136 1911 conf.
1174 1871 1347 1910 Homer.
1384 1869 1502 1910 Iliad.
1539 1873 1591 1919 X,
1626 1882 1720 1924 132.

288 1936 435 1993 Odyss.
475 1941 527 1986 X,
572 1948 663 1988 124.
707 1935 914 1992 Aristoph.
962 1937 1060 1978 Pae.
1107 1947 1228 1990 1172.
1275 1936 1484 1978 Theocrit.
1521 1949 1585 1987 22,
1627 1936 1720 1977 186.

287 2004 517 2045 BLOMF.

345 2073 387 2112 δὲ
422 2071 491 2126 τῷ]
518 2072 560 2111 δὲ
589 2074 657 2111 τοῦ
688 2070 863 2111 Vindob.
896 2070 995 2111 duo.
1045 2069 1076 2110 δ’
1110 2070 1188 2111 ἔσω
1222 2071 1288 2110 Μ.
1316 2069 1385 2110 sed
1421 2069 1626 2124 adscripto
1658 2085 1720 2121 γρ.

287 2139 330 2180 δὲ
349 2140 414 2193 τῷ.

342 2206 440 2260 386.
472 2203 657 2258 κώδωνες]
683 2204 999 2244 Tincimzahula.
1050 2205 1156 2244 Haec
1185 2203 1320 2244 forsan
1344 2202 1512 2258 gerebat
1533 2201 1722 2257 Tydeus,

287 2270 404 2325 equis
433 2270 635 2320 terricula,
666 2285 770 2325 quos
800 2269 1165 2311 tintinnabulorum
1202 2269 1336 2310 sonitu
1370 2267 1580 2324 explorare
1616 2268 1719 2308 sole-

287 2337 402 2387 bant,
431 2346 647 2393 possentne
676 2335 868 2390 strepitus
897 2335 1060 2376 bellicos
1088 2335 1207 2385 ferre,
1230 2343 1277 2375 ut
1298 2334 1467 2375 tradunt
1488 2332 1662 2374 Photius
1681 2343 1722 2374 et

289 2404 461 2455 Suidas3
481 2403 604 2444 unde
634 2404 870 2451 κωδωνίζειν.
929 2402 1088 2442 Eodem
1125 2402 1247 2442 modo
1279 2400 1507 2442 coturnices
1537 2399 1723 2454 explora-

286 2472 402 2523 bant,
422 2481 523 2513 teste
549 2470 791 2512 Aristarcho
819 2485 885 2525 ap.
909 2470 1158 2525 Harpocrat.
1179 2484 1217 2509 v.
1239 2467 1521 2508 Διεκωδώνισε.
1581 2465 1722 2506 Nostri

287 2539 421 2581 locum
453 2539 674 2595 respexisse
695 2538 859 2578 videtur
886 2538 1048 2577 Auctor
1078 2535 1206 2577 Rhesi
1225 2536 1319 2590 306.
1342 2534 1500 2586 Γοργὼν
1530 2532 1560 2573 δ’
1582 2533 1633 2575 ὣς
1663 2532 1721 2573 ἐπ’

289 2608 437 2660 αἰγίδος
456 2609 547 2649 θεᾶς
566 2609 716 2658 Χαλκῆ,
745 2605 935 2655 μετώποις
965 2605 1152 2644 ἱππικοῖσι
1181 2603 1408 2654 πρόσδετος,
1431 2603 1630 2640 Πολλοῖσι
1650 2599 1724 2639 σὺν

290 2676 463 2715 κώδωσιν
484 2674 638 2713 ἐκτύπει
655 2673 800 2724 φόβον.
834 2669 942 2711 Ibid.
964 2671 1063 2724 383.
1086 2670 1194 2710 Κλύε
1219 2669 1264 2720 δὴ
1285 2670 1451 2719 κόμπους
1480 2666 1721 2718 κωδωνοκρό-

288 2759 378 2785 τους
409 2743 526 2794 Παρᾶ
557 2739 766 2792 πορπάκων
801 2738 887 2781 τοὺς
921 2740 1193 2779 κελαδοῦντας.
1224 2750 1245 2776 e
1274 2735 1374 2775 loris
1408 2735 1529 2775 scuti.
1580 2733 1724 2773 Κώδων

286 2818 424 2849 autem
447 2807 645 2863 significat
664 2807 918 2847 metallinam
938 2805 1039 2861 quid
1055 2818 1262 2845 sonorum.
1299 2801 1489 2857 Sophocl.
1512 2800 1631 2855 Ajac.
1657 2809 1723 2852 17.

288 2876 574 2926 Χαλκοστόμου
594 2875 768 2915 κώδωνος
788 2873 838 2916 ὣς
856 2873 1106 2925 Τυρσηνικῆς.
1145 2870 1234 2911 Ubi
1255 2868 1378 2909 schol.
1401 2869 1531 2909 κώδων
1551 2870 1727 2907 καλεῖται

284 2941 334 2983 τὸ
352 2940 479 2982 πλατὺ
497 2943 563 2992 τῆς
583 2939 818 2993 σάλπιγγος.
868 2939 920 2979 In
943 2936 1157 2993 Aristoph.
1178 2937 1285 2978 Ran.
1308 2935 1405 2991 963.
1427 2932 1651 2989 AEsohylus
1670 2931 1727 2972 ab
