1898 3256
374 264 463 305 AD
497 263 750 305 SEPTEM
782 261 1112 303 ADVERSUS
1146 261 1414 302 THEBAS.
1540 260 1621 301 221

163 385 302 418 autem
325 374 492 417 trochaei
513 389 705 417 mensura
723 390 748 416 a
767 381 900 416 metro
918 372 1168 431 postuletur,
1183 370 1439 429 probabilius
1458 370 1626 412 videtur

163 444 269 486 duas
288 443 492 486 exstitisse
513 444 639 501 hujus
650 442 942 500 interjectionis
961 441 1129 492 formas,
1152 440 1195 482 ἑέ
1214 451 1256 482 et
1277 439 1334 493 ἐή.
1397 440 1466 481 De
1485 454 1572 496 quo
1591 439 1625 481 si

163 523 273 556 recte
293 522 443 562 statuo,
466 514 510 565 ἑή
529 512 629 554 locis
648 511 899 568 tragicorum
919 509 1110 552 omnibus
1128 507 1206 550 erit
1226 507 1531 550 restituendum
1551 506 1626 549 ubi

166 581 209 624 ἑέ
227 597 305 638 pro
323 581 462 623 iambo
481 580 660 638 positum
685 594 795 621 nunc
817 578 980 636 legitur.
1042 578 1094 618 In
1116 575 1308 633 AEschyli
1329 576 1382 618 de
1407 591 1495 632 quo
1513 590 1626 617 nunc

163 648 327 704 agimus
348 663 468 690 versu
488 647 603 690 nulla
622 648 768 689 harum
791 647 1018 689 formarum
1040 644 1176 686 locum
1193 643 1333 694 habet,
1349 658 1481 700 quum
1497 642 1627 685 totius

165 715 293 772 hujus
323 715 512 757 carminis
539 715 781 772 compositio
811 713 993 771 postulet
1023 722 1071 755 ut
1101 712 1211 754 idem
1247 712 1375 769 hujus
1403 721 1531 768 atque
1566 727 1627 753 se-

165 784 331 840 quentis
350 798 495 825 versus
514 794 691 825 metrum
713 783 776 834 sit,
797 782 841 824 id
861 791 922 824 est
941 781 1165 823 iambicum
1184 780 1422 822 dimetrum.
1469 781 1626 831 Quam-

164 851 307 893 obrem
339 851 656 893 Lachmannum
694 859 802 892 recte
833 857 940 907 puto
969 848 1194 891 correxisse
1223 849 1248 901 ἥ
1280 849 1461 901 μαίνεται
1493 849 1627 903 γόοισι

166 919 270 973 φρήν
289 928 331 961 et
349 919 391 960 in
408 918 667 976 antistrophe
685 919 710 972 ἦ
732 918 929 961 δυσθέατα
949 917 1121 970 πήματα.

222 988 321 1043 968.
350 987 546 1040 πάνδυρτε
575 987 831 1029 Ritschelius
859 986 903 1027 in
935 985 1107 1028 Schedis
1132 983 1283 1027 criticis
1311 999 1353 1041 p.
1379 996 1446 1026 12.
1474 982 1624 1026 πανδά-

165 1072 278 1109 κρυτε
312 1056 546 1099 B.L.M.N.
581 1056 660 1096 Ar.
702 1054 904 1096 Cantabr.
944 1053 1114 1111 primus.
1175 1052 1419 1109 Legebatur
1455 1050 1628 1094 πολυδά-

166 1140 290 1177 κρυτε.

221 1192 321 1247 969.
344 1190 451 1246 αὖτε]
474 1191 522 1232 αὖ
543 1191 598 1232 Ε.
621 1189 765 1232 Guelf-

221 1268 318 1313 970.
359 1259 482 1311 φθιου
517 1258 802 1299 Hermannus.
859 1257 1102 1313 Legebatur
1143 1257 1266 1310 φίλου
1303 1255 1356 1310 γ’,
1392 1255 1470 1297 nisi
1509 1254 1626 1312 quod

163 1327 286 1379 φίλου
304 1324 336 1366 τ’
358 1325 495 1367 Turn.
517 1340 613 1367 cum
635 1326 684 1367 C.
705 1335 747 1367 et
768 1324 948 1368 Vindob.
969 1325 1150 1367 duobus.

220 1405 318 1449 973.
338 1402 434 1447 974.
455 1408 599 1435 versus
616 1392 755 1450 inepte
774 1392 1023 1449 interpolati.

220 1474 320 1517 973.
341 1460 488 1516 ἀχέων]
508 1462 614 1515 γόων
635 1462 688 1504 Β.
708 1461 861 1518 aliique
881 1461 1071 1503 nonnulli
1090 1470 1130 1503 et
1152 1461 1265 1503 Rob.

223 1529 354 1585 τοίων]
374 1531 498 1571 ποίων
518 1529 662 1571 Guelf.

223 1598 413 1655 ἐγγύθεν]
435 1615 501 1652 γρ.
523 1598 661 1652 ἐγγύθι
681 1598 732 1639 Β.

222 1676 321 1722 974.
343 1670 411 1707 ῙΣ.
430 1681 510 1708 om.
527 1666 627 1707 Ald.
651 1666 762 1708 Rob.
786 1666 948 1707 Tum:
981 1665 1144 1707 addunt
1163 1663 1324 1706 codices
1341 1673 1384 1706 et
1405 1665 1552 1721 Steph.

223 1733 365 1790 πέλας]
407 1733 681 1776 Scribendum
719 1733 847 1778 πέλας
885 1733 916 1776 δ’
953 1749 1004 1775 ex
1037 1732 1216 1775 A.B.M.
1257 1732 1443 1790 aliisque.
1485 1732 1625 1776 πέλαδ’

168 1800 280 1843 Rob.

224 1879 322 1924 975.
352 1869 450 1910 Hoc
473 1870 664 1923 ἐφύμνιον
688 1868 815 1911 choro
844 1868 985 1911 tribui.
1047 1870 1099 1910 In
1129 1868 1232 1910 Ald.
1263 1879 1306 1910 et
1336 1869 1474 1913 Turn.
1500 1869 1627 1912 Anti-

166 1950 304 1994 gonae,
322 1935 366 1978 in
387 1936 498 1978 Rob.
521 1937 700 1979 Ismenae
719 1952 895 1994 persona
912 1936 1167 1994 praescripta.

227 2004 287 2060 ἰὼ]
310 2004 354 2045 ἰὼ
375 2005 418 2046 ἰὼ
441 2004 552 2046 Rob.

226 2073 326 2127 976.
361 2072 528 2114 Οἰδίπου
558 2072 666 2128 σκιά]
699 2071 836 2114 Schol.
867 2072 984 2114 σκιάν
1015 2074 1227 2116 Οἰδίποδος
1260 2072 1379 2115 αὐτὸν
1414 2076 1531 2115 καλεῖ
1557 2073 1628 2116 τὸν

169 2141 373 2182 Οἰδίποδα·
404 2140 623 2198 τυφλωθεὶς
651 2141 728 2194 γὰρ
758 2142 922 2182 εἴδωλον
952 2140 1054 2182 εἶναι
1082 2143 1202 2189 δοκεῖ,
1223 2141 1288 2182 καὶ
1317 2141 1363 2183 οὗ
1386 2141 1537 2185 τέλειος
1561 2142 1629 2184 ἄν-

170 2210 334 2261 θρωπος.
395 2206 703 2249 Grammaticus
747 2208 910 2266 respicit
950 2207 1103 2266 Eurip.
1145 2208 1349 2250 Phoeniss,
1388 2219 1510 2265 1559.
1554 2209 1629 2251 ubi

170 2289 212 2316 se
248 2282 369 2317 vocat
405 2274 593 2332 OEdipus
631 2275 786 2330 αἰθέρος
824 2278 979 2331 ἀφανὲς
1023 2279 1202 2319 εἴδωλον.
1281 2277 1491 2334 OEdipum
1530 2292 1630 2320 vero

170 2342 399 2399 AEschylus
419 2357 659 2400 supremum
680 2343 789 2385 diem
810 2344 959 2387 obiisse
977 2345 1111 2401 fingit.
1141 2345 1376 2387 BLOMF.

227 2420 323 2466 977.
346 2411 441 2466 989.
462 2410 616 2463 μέλαιν’
638 2412 863 2454 Porsonus.
891 2413 1064 2465 μέλαινά
1083 2411 1116 2454 τ’
1137 2412 1246 2454 libri.

226 2477 380 2531 Ἐρινὺς
402 2478 471 2518 Μ.
499 2476 682 2530 Ἐριννὺς
700 2478 841 2535 vulgo.

228 2562 286 2589 τις
305 2560 386 2587 om.
408 2546 577 2587 Barocc.
600 2545 701 2587 Ald.

229 2613 326 2669 978.
358 2614 443 2655 Hic
472 2628 614 2654 versus
634 2613 876 2670 Antigonae,
900 2613 1115 2671 proximus
1146 2615 1323 2656 Ismenae
1352 2625 1414 2657 est
1443 2616 1627 2660 tribuen-

171 2680 263 2729 dus,
297 2690 344 2722 ut
372 2696 425 2722 ex
454 2680 640 2722 versibus
669 2682 887 2739 strophicis
915 2691 1101 2738 apparet.
1160 2684 1220 2724 Et
1255 2682 1310 2724 sic
1343 2682 1629 2729 Blomfieldus.

174 2749 226 2790 In
249 2749 359 2790 Rob.
379 2757 474 2790 ante
492 2749 539 2799 ἠὲ
558 2749 672 2791 nulla
691 2758 752 2791 est
778 2765 965 2807 personae
990 2759 1102 2800 nota,
1124 2761 1219 2792 ante
1247 2751 1631 2809 δυσθέατα-φυγᾶς

171 2831 270 2858 vero
290 2820 377 2859 AN.
399 2826 460 2858 est
479 2824 683 2860 notatum.

229 2885 276 2936 ἠὲ
302 2885 368 2940 ἠὲ]
400 2885 447 2937 ἠὲ
477 2886 602 2927 semel
629 2886 800 2928 Barocc.
822 2885 925 2927 Ald.
951 2886 1062 2929 Rob.
1107 2887 1132 2939 ἦ
1162 2887 1426 2930 scribendum
1456 2904 1546 2932 esse
1575 2891 1630 2933 ad

174 2967 214 2993 v.
236 2953 333 3008 966.
356 2953 623 2995 ostendimus.
685 2954 769 2995 Per
789 2956 865 3007 φεῦ
886 2957 962 3006 φεῦ
982 2954 1160 3011 explicat
1183 2954 1410 2998 scholiasta.

231 3032 328 3076 979.
360 3020 518 3073 ἐδείξατ’
542 3022 585 3063 ἐκ
611 3025 740 3075 φυγᾶς
761 3022 871 3076 ἐμοί]
898 3022 1137 3073 Scholiasta,
1161 3026 1272 3065 τοῦτο
1301 3025 1351 3068 ὡς
1380 3025 1476 3078 πρὸς
1497 3031 1630 3069 Πολυ-
