1898 3256
319 247 403 286 110
787 247 1284 288 ANNOTATIONES

377 355 472 409 863.
504 356 548 396 ἐν
571 354 782 409 σφαγαῖσι]
805 354 856 395 Id
877 364 949 404 est,
970 357 1015 395 ἐπ
1030 357 1203 411 jugulo.
1262 356 1376 397 Male
1407 356 1610 397 Stanleius
1629 358 1750 399 vertit

319 421 426 462 caede
454 422 634 476 tingens.
655 420 803 476 Eurip.
824 422 958 461 Orest.
981 422 1073 475 285.
1106 422 1174 472 Μὴ
1204 424 1269 472 τῆς
1296 423 1480 473 τεκούσης
1510 424 1564 464 εἰς
1593 425 1751 475 σφαγᾶς

321 485 420 527 ὦσαι
439 487 562 538 ξίφος.
593 487 815 542 Polyaenus
836 488 873 537 8,
895 488 963 538 48.
993 487 1036 528 τὸ
1066 489 1178 540 ξίφος
1206 491 1368 528 καθεῖσα
1397 490 1459 528 διὰ
1487 491 1553 538 τῆς
1582 491 1749 541 σφαγῆς.

323 552 438 607 Virg.
460 553 561 592 AEn.
582 565 645 602 12,
666 563 764 607 357.
792 553 952 594 dextroe
980 567 1210 594 mucronem
1239 560 1461 609 extorquet,
1488 560 1526 594 et
1554 555 1633 594 alte
1653 555 1755 595 Ful-

317 625 482 675 gentem
518 620 679 674 tinguit
696 620 868 674 jvgwlo.
911 621 1061 660 Horat.
1095 621 1223 660 Serm.
1264 633 1299 669 2,
1330 634 1369 675 3,
1396 622 1485 674 136.
1519 622 1574 660 In
1608 621 1756 661 matris

308 685 472 740 jugulo
475 685 652 738 serrum
674 685 856 740 tepefecit
875 692 1051 726 acutum.
1074 685 1197 726 Ovid.
1220 687 1302 740 Ep.
1329 699 1389 736 14,
1406 696 1446 739 5.
1473 686 1590 733 Quod
1609 701 1757 727 manus

324 752 517 792 eoetimuz‘t
531 751 694 806 jugulo
722 752 930 792 demittere
946 753 1135 806 serrum.
1169 753 1382 792 Hactenus
1412 751 1687 792 Ruhnkenius
1714 752 1756 792 in

325 817 461 871 Epist.
484 816 587 857 Crit.
608 830 645 856 1.
662 831 702 871 p.
722 827 789 869 71.
810 817 960 871 quibus
978 817 1098 872 adjici
1119 827 1251 873 potest
1267 817 1467 858 Antonin.
1491 818 1670 858 Liberal.
1689 830 1754 872 25.

324 882 548 932 Ἐπάταξαν
569 884 704 924 ἑαυτὰς
730 885 775 932 τῇ
801 884 941 934 κερκίδι
968 885 1073 935 παρὰ
1099 884 1168 934 τὴν
1195 887 1339 930 κλεῖδα,
1363 885 1424 924 καὶ
1447 884 1659 936 ἀνέρρηξαν
1685 884 1755 934 τὴν

326 947 499 1000 σφαγήν.
523 949 689 988 Petron.
711 948 817 988 Arb.
841 949 1008 1003 Fragm.
1029 963 1068 1003 p.
1090 949 1185 1002 679.
1213 950 1375 1004 Jugale
1403 955 1484 990 stat
1511 950 1639 990 divite
1649 951 1754 1004 Jer-

326 1029 433 1054 rum.
480 1013 663 1054 Galenus
695 1013 737 1053 in
770 1014 943 1069 Isagoge
975 1016 1042 1056 τὰς
1076 1017 1235 1067 σφαγὰς
1267 1015 1372 1056 inter
1405 1018 1474 1058 τὰς
1505 1019 1756 1058 κατακλεῖδας

325 1080 453 1135 ponit.
484 1079 714 1119 BLOMF.

386 1147 480 1197 864.
503 1145 579 1199 ἐπ’]
608 1147 647 1188 ἐς
668 1146 734 1185 Μ.
755 1145 904 1199 aliique
923 1144 1106 1185 nonnulli
1126 1154 1166 1186 et
1186 1145 1295 1186 Rob.

387 1213 483 1266 865.
503 1211 615 1266 μίαν]
638 1212 1022 1266 Hypermnestram,
1042 1211 1210 1266 Lynceo
1228 1221 1471 1267 parcentem.

387 1278 484 1318 866.
507 1276 715 1331 σύνευνον]
738 1276 1007 1317 Scribendum
1026 1275 1212 1326 ξύνευνον
1230 1292 1324 1318 cum
1346 1278 1567 1319 Brunckio.

387 1342 775 1396 ἀπαμβλυνθήσεται]
802 1342 1151 1393 ἇπαμβλυθήσεται
1174 1343 1239 1383 Μ.
1268 1350 1309 1384 et
1338 1343 1422 1384 duo
1450 1343 1529 1384 alii.
1561 1345 1760 1395 ε’παμβλυ-

332 1410 492 1462 θήσεται
513 1409 623 1450 Rob.
655 1408 999 1460 ἐπαμβληθήσεται
1020 1424 1105 1450 var.
1127 1409 1219 1450 lect.
1239 1409 1279 1449 in
1303 1411 1352 1450 B.

388 1476 482 1528 867.
513 1475 668 1527 γνώμην
689 1475 752 1514 M.
780 1484 820 1514 et
849 1483 1002 1529 septem
1032 1475 1111 1515 alii.
1141 1476 1315 1527 γνώμαιν
1334 1476 1444 1515 ΑΒ.
1465 1474 1615 1529 aliique
1641 1475 1761 1530 pauci

331 1556 425 1582 cum
457 1540 567 1581 Rob.
596 1541 760 1592 γνώμων
787 1539 885 1579 Ald.
917 1544 1079 1591 γνωμῶν
1108 1542 1243 1581 Turn.
1273 1542 1429 1592 γνώμην
1457 1540 1529 1595 qui
1557 1542 1761 1595 legerunt,

330 1607 456 1648 verba
499 1604 872 1657 ἀπαμβλυνθήσεται
909 1605 1066 1656 γνώμην
1101 1606 1417 1660 conjunxerunt,
1454 1606 1651 1661 pluralem
1690 1606 1762 1661 qui

331 1680 569 1728 posuerunt,
609 1685 702 1711 cum
738 1673 843 1711 δυοῖν
880 1680 1206 1721 construxerunt,
1239 1671 1369 1726 posita
1402 1682 1493 1727 post
1527 1673 1761 1722 ἀπαμβλυν-

331 1738 491 1789 θήσεται
511 1736 851 1792 interpunctione.

390 1803 512 1857 δυοῖν]
534 1807 638 1844 δυεῖν
657 1802 748 1843 libri
769 1803 941 1857 aliquot.

391 1869 569 1923 θάτερον]
591 1869 758 1921 θατέραν
778 1870 891 1910 A.C.
912 1878 952 1909 et
971 1869 1286 1924 superscriptum
1309 1869 1349 1909 in
1372 1870 1419 1909 B.
1481 1869 1625 1910 Lectio
1643 1870 1766 1910 inter-

332 1938 471 1992 polata
490 1936 542 1976 ab
561 1935 609 1975 iis
629 1935 700 1989 qui
721 1939 884 1988 γνωμῶν
905 1939 1011 1976 δυοῖν
1029 1935 1343 1990 conjunxissent.

392 2004 489 2054 871.
513 2001 672 2055 θρασὺς]
694 2002 908 2041 Hercules.

393 2070 488 2119 872.
513 2066 679 2120 κλεινὸς]
701 2071 868 2109 κλεινοῖς
891 2067 958 2106 Μ.
980 2066 1088 2107 Rob.

391 2132 434 2176 ὃς
457 2133 588 2173 πόνων
609 2133 651 2171 ἐκ
678 2131 785 2172 τῶνδ’
809 2132 894 2184 ἐμὲ]
918 2131 1031 2172 Libri
1057 2131 1224 2187 quidam
1256 2131 1298 2175 ὃς
1326 2134 1369 2173 ἐκ
1396 2133 1527 2173 πόνων
1556 2133 1676 2173 τῶνδέ
1703 2150 1765 2184 με,

333 2199 399 2239 vel
419 2198 462 2240 ὃς
483 2197 591 2238 τῶνδ’
617 2198 658 2237 ἐκ
678 2198 809 2237 πόνων
829 2197 910 2248 ε’μέ.

391 2265 490 2317 874.
512 2262 617 2318 ἐμοὶ]
641 2262 711 2313 ἐμὴ
731 2261 888 2317 aliquot
906 2262 1024 2303 codd.

391 2329 535 2382 Θέμις]
568 2327 740 2368 Themis
769 2327 876 2368 enim
903 2327 1100 2368 vaticiniis
1127 2327 1234 2368 clara
1255 2327 1458 2383 Delphico
1486 2344 1652 2384 quoque
1681 2344 1768 2369 ora-

334 2394 428 2436 culo
448 2393 628 2435 secunda
646 2402 742 2449 post
763 2394 936 2434 Terram
957 2393 1192 2448 praesedisse
1211 2394 1431 2445 ferebatur,
1451 2410 1575 2450 quam
1593 2395 1769 2445 Titanis,

334 2474 382 2500 ac
410 2458 560 2499 deinde
588 2458 744 2514 Apollo
772 2458 913 2499 ordine
941 2458 1187 2515 exceperint.
1218 2459 1285 2500 Cf.
1311 2459 1535 2500 Eumenid.
1565 2475 1605 2500 v.
1626 2474 1659 2501 1.
1681 2475 1770 2515 sqq.

335 2526 598 2579 Quamquam
638 2523 761 2565 alium
799 2524 983 2565 ordinem
1021 2524 1243 2580 praesidum
1282 2525 1407 2580 hujus
1443 2525 1597 2566 oraculi
1634 2535 1772 2567 narrat

336 2589 563 2631 Pausanias
583 2603 649 2639 10,
669 2603 713 2643 5.
745 2591 875 2631 SCH.

394 2655 493 2709 875.
512 2655 672 2709 χρόνου]
692 2656 815 2708 λόγου
836 2656 915 2702 Μ.,
935 2654 1064 2696 codex
1086 2655 1274 2696 Tui-nebi
1293 2664 1334 2696 et
1357 2655 1500 2711 steph.

394 2722 491 2774 877.
521 2722 759 2762 ἐλελελελεΰ
779 2720 879 2761 Ald.
909 2719 985 2768 Ἰὼ,
1007 2722 1064 2769 ἰὼ,
1087 2723 1324 2763 ἐλελελελεῦ
1344 2722 1455 2762 Rob.
1485 2723 1771 2763 ἐλελελελελεῦ

337 2787 473 2827 Turn.
507 2786 661 2836 ἐλελεῦ,
682 2787 836 2836 ἐλελεῦ,
859 2786 1069 2841 [Pauwius
1095 2787 1152 2842 et]
1174 2789 1394 2837 Pon-sonus,
1415 2796 1539 2842 atque
1556 2787 1614 2828 ita
1632 2786 1775 2843 legisse

333 2851 501 2892 videtur
521 2850 646 2892 schol.
668 2852 719 2892 B.
740 2851 812 2906 qui
831 2851 1122 2907 interpretatur
1147 2857 1236 2906 φεῦ,
1260 2856 1348 2905 φεῦ.
1380 2852 1562 2908 Hesych.
1587 2852 1773 2893 Ἐλελεῦ·

334 2917 463 2967 τίθησι
498 2916 591 2957 αὐτὸ
621 2917 821 2971 Αἰσχύλος
854 2918 918 2959 ἐπὶ
947 2923 1229 2972 σχετλιασμοῦ,
1260 2921 1304 2960 ἐν
1338 2921 1542 2972 Προμηθεῖ
1570 2919 1776 2973 Δεσμώτῃ.
