1898 3256
367 248 450 289 150
845 249 1336 290 ANNOTATIONES

364 356 554 398 admittat
573 369 706 411 neque
725 355 986 396 transmittat.
1033 355 1224 411 Anglice,
1247 360 1287 395 to
1306 355 1354 394 he
1373 353 1653 409 water-tight;
1685 353 1798 408 quod

364 422 418 464 ad
439 421 602 462 hostiles
621 421 756 462 hastas
775 421 946 463 devertit
969 423 1208 478 AEschylus.
1239 421 1423 477 Hesych.
1446 419 1597 472 Στέγει.
1629 421 1795 472 κρύπτει,

366 488 539 542 συνέχει.
559 487 759 540 βαστάζει.
779 488 976 540 ὑπομένει.
1011 488 1117 528 Infr.
1141 500 1235 530 220.
1252 486 1490 539 Δυσμενέων
1510 485 1540 526 δ’
1563 488 1688 539 ὄχλον
1705 486 1797 537 πύρ-

365 573 436 610 γος
455 554 677 607 ἆποστέγοι.
712 555 803 608 798.
835 554 974 607 Στέγει
1003 556 1046 595 δὲ
1074 556 1231 608 πύργος.
1277 553 1423 609 Suppl.
1450 565 1540 607 133.
1561 551 1798 604 λινορραφὴς

366 624 481 675 δόμος
501 622 579 663 ἅλα
598 621 763 674 στέγων.
797 622 1023 663 BLOMF.
1075 622 1255 674 στέργειν
1274 620 1430 676 aliquot
1449 618 1568 660 codd.

420 688 611 741 πολέμιον
629 689 739 729 Α.Β.
760 687 920 743 aliique.
951 688 1149 739 πολεμίων
1169 687 1308 742 vulgo.

423 767 516 807 217.
548 753 705 809 οὔκουν]
742 754 881 795 οὐκοῦν
909 753 1016 795 libri.
1066 753 1352 809 Interrogandi
1383 753 1544 809 signum
1575 759 1666 806 post
1700 753 1799 792 θεῶν

365 821 602 878 ponendum
631 835 716 861 esse
740 819 843 860 vidit
866 821 1062 861 Muretus
1082 821 1175 861 Var.
1198 821 1315 861 Lect.
1334 831 1376 874 5,
1401 833 1463 875 19.
1514 818 1649 874 Vulgo
1667 831 1793 872 punc-

367 896 456 929 tum
478 886 653 943 positum
674 894 745 926 est.
806 887 966 941 Magna
993 895 1126 927 tamen
1149 886 1315 928 offensio
1334 886 1374 926 in
1396 901 1444 927 eo
1463 895 1523 927 est
1541 884 1654 941 quod
1675 885 1800 924 Eteo-

366 954 438 996 clis
466 953 595 995 oratio
623 952 736 994 chori
766 952 913 1002 verbis,
948 952 1073 1007 idque
1106 951 1148 992 in
1180 953 1314 993 medio
1348 968 1466 994 versu
1495 961 1636 993 contra
1668 950 1797 1005 legem

366 1019 606 1076 antiquioris
634 1018 859 1074 tragoediae,
885 1018 1180 1074 interpellatur,
1200 1033 1329 1073 quum
1354 1018 1530 1073 reliquas
1557 1016 1669 1058 chori
1699 1025 1799 1056 stro-

366 1087 470 1144 phas
490 1086 592 1127 terni
611 1085 814 1141 excipiant
836 1084 1006 1126 trimetri
1027 1084 1218 1126 Eteoclis.
1278 1086 1427 1140 Itaque
1450 1084 1517 1125 hic
1535 1098 1700 1139 quoque
1720 1091 1801 1122 tres

366 1168 508 1195 versus
530 1151 764 1195 216—218.
797 1152 956 1193 Eteocli
985 1161 1094 1193 recte
1122 1151 1311 1193 tribuisse
1332 1151 1493 1192 videtur
1514 1150 1802 1192 Lachmannus

366 1236 407 1277 p.
431 1233 548 1272 124:
581 1219 651 1260 sed
670 1233 810 1259 versus
833 1229 925 1272 217.
949 1234 1088 1261 vereor
1117 1234 1167 1259 ne
1196 1217 1463 1274 interpolatus
1491 1233 1516 1259 a
1537 1216 1801 1273 grammatico

366 1287 504 1343 aliquo
522 1286 588 1326 sit.

423 1355 511 1408 οὖν]
536 1355 631 1394 ὅκκα
647 1351 755 1393 Rob.

423 1421 535 1462 θεοὺς
564 1419 653 1462 τοὺς
682 1422 747 1470 τῆς
780 1419 951 1469 ἁλούσης
982 1417 1144 1473 πόλεος]
1180 1418 1373 1459 Similiter
1404 1420 1556 1473 Agam.
1585 1430 1683 1473 339.
1714 1417 1800 1460 τοὺς

366 1488 654 1539 πολισσούχους
673 1485 783 1527 θεοὺς
808 1484 816 1541 Ι
840 1485 927 1528 τοὺς
947 1488 1012 1535 τῆς
1026 1486 1194 1536 ἀλούσης
1212 1486 1368 1528 πόλεος.
1399 1487 1531 1535 Quem
1544 1485 1676 1526 locum
1692 1499 1800 1525 com-

366 1552 523 1609 paravit
546 1551 898 1592 Wunderlichius.
959 1551 1076 1591 Idem
1108 1561 1215 1592 recte
1246 1551 1402 1592 monuit
1433 1553 1627 1592 ἐκλείπειν
1650 1551 1801 1604 signifi-

366 1619 523 1661 catione
551 1618 804 1658 intransitiva
825 1617 980 1659 dictum
1010 1619 1198 1658 eoecedere
1217 1618 1441 1673 significare
1462 1617 1524 1658 vel
1553 1631 1800 1658 evanesce-re.

369 1686 502 1741 Cujus
532 1701 630 1726 usus
659 1684 845 1740 exempla
873 1684 994 1725 hodie
1023 1694 1217 1740 petantur
1240 1699 1289 1725 ex
1313 1684 1517 1725 Thesauri
1539 1683 1802 1740 Stephaniani

366 1752 543 1793 editione
564 1751 760 1792 Parisina.
792 1752 966 1792 ἐκλιπεῖν
987 1752 1042 1791 Ε.

424 1818 788 1862 θεοὺς-ἐκλείπειν
807 1817 946 1872 λόγος]
974 1818 1084 1858 Nota
1113 1817 1357 1874 superstitio,
1380 1819 1429 1858 de
1452 1833 1536 1873 qua
1553 1817 1689 1858 omnia
1716 1818 1802 1858 fere

367 1885 463 1927 trita
490 1886 577 1940 jam
613 1900 659 1925 ac
695 1885 947 1940 pervulgata.
983 1884 1048 1925 Cf.
1079 1884 1175 1925 infr.
1204 1898 1302 1940 304.
1332 1885 1491 1941 Virgilii
1522 1887 1621 1926 AEn.
1645 1897 1684 1937 2,
1703 1899 1799 1941 351.

366 1967 459 1992 cum
491 1951 640 2006 Eurip.
673 1950 849 1992 Troasin
871 1963 935 2005 23.
967 1950 1061 1991 olim
1095 1951 1267 1992 contulit
1300 1952 1538 1992 Macrobius
1566 1954 1650 1993 Sat.
1672 1963 1713 2007 5,
1734 1965 1800 1994 22.

368 2018 472 2067 Quis
501 2018 626 2058 nescit
653 2016 861 2057 historiam
889 2016 940 2057 de
966 2031 1077 2066 voce,
1098 2032 1192 2072 quae
1221 2018 1360 2073 paullo
1379 2028 1473 2059 ante
1503 2019 1801 2075 Hierosolymae

366 2084 568 2126 excidium
618 2098 669 2124 ex
717 2082 843 2138 adyto
879 2083 1131 2134 exclamavit,
1169 2084 1434 2136 μεθιστάμεθα
1475 2090 1552 2126 τῶν
1590 2087 1799 2127 ἐντεῦθενὶ)

368 2157 396 2177 “
413 2153 613 2207 Expassae
642 2158 808 2205 repente
837 2149 997 2190 delubri
1022 2149 1170 2200 fores,''
1190 2150 1323 2206 inquit
1346 2152 1532 2200 Tacitus,
1556 2157 1638 2192 “et
1660 2151 1801 2193 audita

366 2219 498 2274 major
518 2217 698 2258 humana
717 2231 813 2266 vox,
832 2217 1046 2257 Excedere
1065 2217 1176 2257 Deos
1188 2233 1202 2257 .·
1233 2217 1352 2258 simul
1373 2217 1515 2272 ingens
1530 2227 1664 2258 motus
1683 2233 1799 2259 exce-

367 2284 588 2326 dentium.''
619 2283 730 2324 Hist.
749 2296 794 2338 5,
819 2296 884 2338 13.
923 2283 1015 2323 Vid.
1040 2282 1228 2338 Scaliger.
1249 2283 1300 2324 ad
1323 2284 1477 2325 Euseb.
1499 2299 1542 2339 p.
1567 2286 1659 2325 186.
1683 2284 1800 2326 Suid.

365 2367 404 2393 v.
428 2353 631 2394 Κλαύδιος.
664 2350 799 2391 Schol.
820 2350 915 2390 infr.
935 2349 988 2390 ad
1009 2365 1046 2391 v.
1067 2362 1164 2404 304.
1190 2352 1334 2402 εἴρηται
1363 2352 1405 2391 δὲ
1435 2351 1497 2392 καὶ
1528 2353 1571 2392 ἐν
1591 2352 1800 2404 Ξοανηφό-

365 2435 447 2471 ροις
465 2417 729 2471 Σοφοκλέους,
752 2418 802 2460 ὡς
822 2419 859 2458 οἱ
878 2417 961 2458 θεοὶ
980 2417 1057 2458 ἀπὸ
1076 2419 1142 2467 τῆς
1159 2415 1280 2457 Ἰλίου
1301 2416 1490 2469 φέρουσιν
1511 2418 1574 2459 ε’πὶ
1592 2422 1668 2460 τῶν
1688 2419 1801 2470 ὤμων

366 2486 415 2526 τὰ
435 2486 580 2526 ἑαυτῶν
599 2483 736 2534 ξόανα,
759 2484 902 2526 εἰδότες
922 2484 987 2524 ὅτε
1007 2484 1220 2524 ἁλίσκεται.
1254 2484 1479 2525 BLOMF.

425 2551 521 2594 218.
559 2551 720 2605 πόλεος]
765 2551 918 2594 πόλεως
955 2551 1020 2591 Μ.
1053 2549 1203 2605 aliique
1236 2558 1277 2591 et
1313 2550 1415 2592 Ald.
1451 2551 1563 2592 Rob.
1613 2550 1802 2593 Correxit

367 2619 503 2659 Turn.

426 2698 518 2738 219.
538 2685 666 2738 λίποι]
689 2685 820 2726 λείποι
841 2683 907 2724 Μ.
927 2682 1088 2738 aliique.

425 2751 942 2805 219—222=226—229.

426 2831 519 2860 220.
549 2818 762 2870 πανάγυρις
782 2818 835 2858 L.
872 2816 1083 2870 πανήγυρις
1111 2816 1247 2871 vulgo.
1295 2815 1365 2859 ἅδε
1394 2817 1525 2859 versui
1555 2817 1799 2873 praecedenti

367 2885 484 2926 addit
512 2885 612 2926 Ald.
645 2885 751 2926 “ἅδε
771 2884 934 2935 dicitur,
962 2884 1058 2939 quia
1087 2883 1128 2924 in
1160 2894 1378 2939 conspectu
1404 2894 1519 2926 erant
1547 2884 1716 2926 deorum
1747 2883 1797 2924 si-

368 2951 583 2994 mulacra.”
615 2952 745 2993 SCH.
