1898 3256
668 241 758 283 AD
788 240 1038 282 PERSAs.
1499 215 1582 278 25'1

123 352 328 407 ἐπιχώριος
348 351 527 406 Πέρσαις
550 351 622 394 τὸν
648 353 704 396 εἷς
730 350 963 405 ὀφθαλμοὺς
994 350 1166 391 ἐλθόντα
1192 353 1262 391 τοῦ
1287 347 1503 401 βασιλέως,
1531 347 1585 400 μὴ

122 419 317 474 πρότερον
335 422 460 475 λόγου
479 419 814 475 μεταλαγχάνειν,
835 419 928 472 πρὶν
946 416 970 470 ἦ
990 421 1264 471 προσκυνῆσαι
1283 417 1415 459 αὐτόν.
1457 415 1585 457 Euri-

122 487 241 544 pides
260 488 302 529 in
323 490 470 531 Oreste
494 498 620 544 1509.

238 561 458 610 Προσκυνῶ
479 555 532 605 σ“’,
555 557 666 608 ἄναξ,
690 558 846 608 νόμοισι
864 554 1110 609 βαρβάροισι
1129 553 1383 606 προσπεσών.

124 626 173 675 Q.
193 625 366 666 Curtius
387 626 426 675 8,
448 636 490 679 5,
513 626 552 666 6.
573 626 722 681 Itaque
743 637 854 665 more
875 625 1103 664 Persarum
1124 622 1383 672 Macedonas
1411 635 1586 662 venera-

122 693 280 734 bundos
299 694 438 749 ipsum
458 693 658 742 salutare,
679 697 990 749 prosternentes
1009 691 1126 732 humi
1156 704 1344 745 corpora.
1400 689 1587 730 Valerius

123 761 246 802 Max.
280 772 318 815 7.
348 774 388 815 3.
419 760 472 802 de
504 776 574 801 sex
608 760 760 810 Persis,
796 759 869 816 qui
902 774 1078 815 regnum
1114 757 1259 808 Dario,
1293 757 1390 814 equi
1422 757 1587 799 hinnitu

121 828 233 878 victi,
254 828 527 869 addixerunt:
559 828 795 885 Auditoque
817 843 862 869 eo
888 842 962 869 sex
989 828 1140 884 reliqui
1170 841 1344 868 summce
1367 827 1589 882 potestatis

120 897 347 951 candidati,
368 898 563 938 continuo
586 898 702 954 equis
732 897 907 953 delapsi,
929 902 977 937 ut
1005 902 1067 938 est
1096 910 1182 936 mos
1203 896 1448 945 Persarum,
1470 896 1589 936 humi

114 966 348 1020 prostratis
383 965 624 1022 corporibus
664 965 851 1005 Darium
892 978 1034 1021 regem
1052 1009 1054 1011 ‚
1072 964 1381 1004 salutaverunt.
1442 964 1590 1020 Hujus

122 1047 221 1073 vero
240 1031 342 1088 legis
364 1032 561 1087 rationem
588 1031 726 1073 reddit
750 1031 996 1072 Artabanus
1023 1032 1154 1072 Persa
1173 1030 1287 1087 apud
1309 1031 1525 1072 Plutarch.
1545 1031 1590 1072 in

124 1100 420 1151 Themistocle,
451 1116 486 1142 c.
521 1110 588 1154 27.
630 1098 771 1151 “Ημῖν,
807 1098 958 1155 inquit,
991 1103 1157 1141 πολλῶν
1192 1099 1323 1150 νόμων
1356 1099 1420 1140 καὶ
1457 1103 1590 1140 καλῶν

122 1170 249 1210 ὄντων
270 1169 485 1212 κάλλιστος
503 1169 618 1211 οὗτός
638 1169 724 1209 ἐστι
746 1167 809 1223 [τό
826 1167 886 1222 τε]
907 1170 1024 1219 τιμᾶν
1042 1165 1236 1218 βασιλέα,
1259 1166 1322 1207 καὶ
1352 1171 1591 1219 προσκυνεῖν

122 1238 256 1278 εἰκόνα
296 1240 388 1278 θεοῦ
426 1239 494 1277 τοῦ
533 1235 614 1291 [τᾶ]
653 1234 783 1277 πάντα
822 1235 1028 1284 σώζοντος”
1071 1233 1158 1290 regi
1198 1233 1387 1274 divinum
1427 1234 1590 1276 cultum

120 1303 431 1360 impendebant,
477 1312 677 1360 tanquam
731 1301 903 1359 imagini
961 1311 1111 1343 cuncta
1168 1301 1448 1343 conservantis
1506 1302 1588 1345 dei.

124 1372 347 1413 STANL.

182 1450 279 1494 157.
320 1437 522 1493 εὐνήτειρα
556 1440 624 1481 Μ.
664 1439 799 1480 Viteb.
853 1417 1058 1491 ez'erapa
1097 1439 1149 1479 B.
1204 1438 1410 1492 εὐνάτειρα
1449 1438 1588 1496 vulgo.

122 1507 246 1558 Quod
268 1506 559 1549 revocandum.
592 1507 792 1561 εὐνέτειρα
812 1522 879 1563 ap.
904 1507 1051 1547 Tzetz.
1076 1506 1238 1548 Histor.
1264 1516 1304 1560 7,
1325 1508 1424 1562 361.

181 1576 244 1617 καὶ
262 1590 342 1617 om.
365 1575 451 1616 duo
471 1575 593 1617 codd.
614 1584 656 1617 et
674 1575 777 1617 Ald.
799 1575 909 1617 Rob.

184 1644 277 1698 158.
300 1643 470 1700 στρατῷ]
492 1648 661 1697 στρατοῦ
682 1643 794 1685 Rob.
814 1653 856 1685 et
876 1658 947 1685 sex
968 1642 1143 1692 codices,
1164 1657 1248 1683 non
1270 1643 1338 1683 Μ.

184 1721 277 1766 159.
308 1712 674 1766 χρυσεοστόλμους]
708 1713 1029 1766 χρυσεοστόλους
1053 1711 1242 1767 quinque
1269 1711 1393 1753 codd.
1416 1721 1457 1753 et
1478 1712 1589 1754 Rob.

122 1779 476 1833 χρυσεοστόλβους
496 1778 600 1819 Ald.
630 1779 977 1832 χρυσεοστίλβους
997 1789 1081 1820 tres
1101 1778 1224 1820 codd.
1244 1788 1286 1820 et
1308 1779 1444 1819 Turn.

183 1847 276 1887 160.
300 1846 439 1901 κάμὸν]
463 1845 583 1887 Libri
603 1846 762 1902 aliquot
785 1847 920 1898 κάμοῦ.
1595 1891 1599 1893 ,

181 1912 424 1968 εὐνατήριον]
458 1913 714 1966 εὐναστήριον
735 1913 789 1954 G.
811 1922 853 1953 et
875 1912 1021 1953 Guelf.
1048 1927 1145 1968 quae
1176 1913 1310 1954 forma
1339 1912 1494 1969 legitur
1520 1929 1590 1970 ap.

124 1980 252 2037 Soph.
287 1980 444 2022 Trach.
477 1981 574 2035 918.
606 1980 674 2022 cui
708 1980 787 2036 ipsi
819 1996 990 2036 quoque
1026 1980 1256 2034 εὐνατήριον
1283 1980 1591 2022 restituendum

122 2048 312 2090 arbitror.
381 2047 448 2089 Sic
470 2047 717 2101 θοινατήριον
737 2047 851 2104 apud
873 2048 1176 2105 Eurip.*Rhes.
1197 2058 1298 2103 515,
1321 2064 1371 2089 ex
1394 2064 1480 2104 quo
1501 2049 1592 2090 loco

122 2126 339 2158 annotasse
360 2115 524 2156 videtur
545 2115 799 2171 Hesychius,
822 2115 863 2156 in
894 2114 1009 2156 libris
1029 2115 1280 2171 quibusdam
1309 2116 1350 2157 in
1384 2118 1592 2169 θοιναστή-

120 2202 208 2238 ριον
226 2195 482 2241 corruptum.
530 2183 870 2240 Relinquendum
892 2198 990 2224 vero
1011 2183 1270 2237 εὐναστήριον
1290 2185 1427 2226 versui
1447 2185 1591 2242 spurio

122 2253 165 2294 in
186 2253 339 2310 Eurip.
360 2255 496 2294 Orest.
517 2266 617 2307 590.

183 2322 278 2363 161.
298 2320 368 2377 με]
392 2321 513 2362 Libri
534 2320 693 2376 aliquot
712 2338 787 2373 μου
810 2319 871 2361 vel
891 2338 970 2373 μοι.
1002 2370 1004 2372 ¹

185 2389 278 2431 162.
300 2387 546 2443 ἀδείμαντος]
569 2389 774 2445 ἆδείματος
794 2387 880 2429 duo
900 2389 1021 2430 codd.
1042 2399 1084 2430 et
1106 2390 1245 2431 Turn.

186 2457 280 2511 163.
305 2457 465 2499 κονίσας
484 2456 613 2503 οὖδας,
634 2456 767 2496 solum
790 2456 968 2511 pulvere
989 2471 1212 2512 spargem‚
1233 2457 1590 2513 quemadmodum

125 2523 397 2564 Homericum
419 2522 523 2564 illud
547 2523 745 2565 κονίοντες
763 2524 912 2564 πεδίοιο
929 2523 1031 2564 nihil
1051 2523 1164 2564 aliud
1182 2534 1242 2566 est
1262 2526 1587 2580 acfistinantes.

127 2591 354 2647 opulentia
377 2600 515 2632 autem
536 2592 757 2645 festinans
777 2590 929 2632 dicitur
948 2606 1026 2647 pro
1045 2591 1230 2633 celeriter
1249 2603 1469 2634 crescente.
1529 2594 1590 2635 Et

127 2668 173 2698 ut
202 2657 245 2708 ii,
271 2657 344 2713 qui
371 2673 536 2699 currere
564 2659 776 2708 festinant,
805 2659 924 2700 facile
952 2659 1130 2716 pedibus
1150 2659 1427 2711 columellam,
1456 2670 1530 2702 aut
1557 2660 1587 2701 si

125 2724 228 2780 quid
258 2735 446 2766 occurrat
476 2726 694 2782 ejusmodi,
727 2737 948 2782 proruunt,
977 2727 1034 2768 sic
1068 2727 1279 2783 opulentia
1311 2726 1463 2768 dicitur
1488 2726 1591 2769 cele-

125 2791 224 2832 riter
252 2791 486 2834 festinando
514 2793 751 2835 felicitatem
780 2809 985 2835 eversura.
1020 2795 1150 2836 SCH.
1204 2796 1393 2838 κονίσσας
1414 2796 1480 2837 Μ.
1500 2795 1589 2838 alii-

126 2874 210 2915 que
230 2860 417 2901 nonnulli
437 2871 479 2902 et
501 2861 608 2902 Rob.

184 2926 380 2984 ἀντρέψῃ]
404 2927 522 2969 Libri
544 2927 702 2985 aliquot
722 2927 942 2982 ἀνατρέψῃ.

186 2995 280 3048 165.
309 2995 430 3036 ταῦτά
448 3013 514 3047 μοι
534 2999 652 3048 διπλῆ
671 2995 822 3050 με”ριμν’
845 2997 1049 3050 ἄφραστός
1071 2998 1180 3039 ἐστιν
1202 2999 1245 3039 ἐν
1267 2998 1434 3055 φρεσίν]
1458 3000 1588 3042 Note-

825 3076 917 3106 112
