1898 3256
367 204 450 248 298
834 207 1326 249 ANNOTATIONES

367 311 449 343 tem
481 302 785 358 conjuratorum
819 304 996 355 nomina,
1032 304 1162 346 tribus
1194 305 1358 346 senariis
1388 305 1556 357 inclusa,
1589 322 1611 348 e
1642 308 1793 363 quibus

368 379 510 420 tertius
533 395 582 421 eo
599 379 758 421 facilius
786 380 827 421 in
854 390 1012 422 textum
1041 382 1216 437 irrepere
1244 382 1437 438 potuerit,
1458 383 1569 438 quod
1599 399 1794 425 numerus

368 447 473 489 ἕκτος
502 446 635 486 ordini
663 461 806 501 regum
838 448 890 488 ab
914 449 1114 505 AEschylo
1140 458 1466 490 enumeratorum
1497 450 1794 505 responderet.''

366 515 504 554 Acute
524 513 689 568 quidem
719 514 824 564 haec,
844 529 890 555 ac
911 531 1014 557 vere.
1067 516 1247 556 Schutzii
1278 516 1514 557 sententiam
1546 516 1700 557 calculo
1720 531 1795 556 suo

365 581 604 636 comprobat
633 581 863 622 Larcherus
891 582 943 622 ad
975 582 1175 624 Herodot.
1201 583 1282 623 vol.
1302 594 1344 636 5.
1373 598 1415 639 p.
1438 584 1529 638 283.
1578 583 1710 624 Schol.
1741 583 1794 623 ad

365 663 402 688 v.
427 659 520 703 799.
552 649 677 700 Κύρου
705 648 787 691 υἱὸς
821 651 842 688 ὁ
870 650 1095 701 Καμβύσης·
1128 649 1301 702 ἀδελφὸς
1330 651 1384 697 δὲ,
1418 652 1513 690 κατὰ
1542 649 1791 696 Ἑλλανικὸν,

366 716 552 767 Μαρφίου
593 715 655 755 καὶ
689 715 905 766 Μεμφίδος.
955 715 1026 755 Ex
1064 714 1140 755 hoc
1175 715 1359 767 Μαρφίος
1396 715 1530 755 forsan
1563 715 1794 770 provenerit

363 782 472 823 istud
494 781 654 834 Μάρφις
672 782 738 822 vel
758 780 957 833 Μάραφις.
990 782 1218 822 BLOMF.

421 851 516 903 778.
534 849 737 903 Μαράφις]
759 847 920 901 Μάρφις
939 849 1042 889 Ald.
1063 850 1173 890 Rob.
1204 849 1414 902 Μάραφνις
1432 848 1588 904 aliquot
1606 849 1727 890 codd.

421 917 450 957 τ’
471 932 550 957 om.
573 917 637 957 M.
658 926 699 957 et
720 916 847 957 Paris.
869 931 988 956 unus.
1019 915 1050 956 δ’
1074 916 1214 957 Guelf.

422 993 516 1036 779.
539 983 643 1035 κάγὼ
663 981 789 1023 πάλου
814 981 845 1022 δ’
868 982 1011 1034 ἔκυρσα
1029 986 1170 1034 τοῦπερ
1189 982 1333 1033 ἤθελον
1353 983 1419 1022 Μ.
1436 991 1476 1022 et
1496 997 1567 1022 sex
1586 981 1667 1032 alii,
1688 992 1795 1023 recte

364 1049 438 1090 nisi
469 1049 582 1104 quod
612 1048 642 1089 δ’
672 1049 712 1089 in
741 1047 771 1089 τ’
794 1049 1037 1089 mutandum
1067 1063 1117 1089 ex
1141 1049 1250 1088 ΑΒ.
1280 1049 1383 1100 κάγὼ
1412 1047 1442 1088 δ’
1472 1048 1615 1099 ἔκυρσα
1640 1047 1795 1089 πάλλου

363 1114 682 1167 τοῦπερῆθελον
713 1114 805 1155 Ald.
857 1116 961 1167 καγὼ
993 1111 1136 1167 ἔῆυρσα
1165 1114 1312 1157 πάλους
1342 1117 1480 1166 τοῦπερ
1511 1114 1654 1165 ἤθελον
1685 1114 1794 1156 Rob.

366 1181 469 1234 κάγὼ
500 1180 530 1220 δ’
554 1181 697 1233 ἔκυρσα
724 1184 863 1232 τοῦπερ
892 1181 1037 1232 ἤθελον
1066 1181 1193 1222 πάλου
1225 1183 1359 1221 Turn.
1410 1180 1647 1230 Scholiasta,
1675 1186 1796 1224 κακῶς

364 1251 476 1288 τοῦτο
507 1247 601 1287 εἶπε.
631 1249 729 1298 μετὰ
748 1249 822 1299 γὰρ
849 1247 918 1298 τὴν
937 1251 1014 1288 τῶν
1031 1246 1166 1300 μάγων
1187 1248 1410 1299 καθαίρεσιν
1432 1251 1596 1299 Δαρεῖος
1625 1249 1646 1287 ὁ
1674 1247 1796 1299 μέγας

363 1311 492 1365 ἧρξεν,
515 1314 578 1352 ὅτε
609 1314 645 1352 οἶ
676 1314 772 1353 ἑπτὰ
798 1314 1004 1365 στρατηγοὶ
1032 1316 1099 1353 τοῦ
1129 1314 1344 1364 Καμβύσου
1371 1313 1528 1363 ὤμοσαν
1548 1314 1795 1364 ἀναιρεθῆναι

365 1378 435 1419 τὸν
453 1377 581 1431 μάγον
601 1379 668 1419 τὸν
686 1380 989 1431 ὑποκρινόμενον
1007 1382 1059 1433 τῷ
1079 1380 1238 1429 ὀνόματι
1258 1377 1433 1430 Μάρδον.

422 1446 518 1497 782.
540 1445 595 1486 ὢν
611 1445 699 1488 νέος
718 1445 875 1486 codices
892 1445 1077 1500 plerique
1097 1453 1137 1484 et
1157 1445 1290 1484 Turn.
1329 1443 1414 1486 νέος
1435 1443 1489 1484 ὢν
1510 1444 1625 1484 C.M.
1646 1442 1795 1498 aliique

363 1513 549 1554 nonnulli
568 1529 661 1555 cum
682 1514 783 1554 Ald.
805 1515 918 1555 Rob.

422 1581 516 1631 784.
537 1579 628 1633 ἴστ’]
649 1579 726 1621 ἴσθ’
749 1579 848 1620 Ald.
870 1580 978 1621 Rob.
1002 1580 1135 1620 Turn.

421 1646 516 1698 786.
548 1651 653 1699 “γρ.
683 1647 897 1699 φανεῖμεν”
919 1646 1165 1702 Stephanus,
1186 1644 1300 1702 quod
1327 1645 1477 1702 legitur
1505 1646 1545 1686 in
1577 1646 1667 1687 cod.
1693 1645 1793 1687 Flo-

363 1712 523 1753 rentino
539 1712 757 1768 Philelphi.
779 1716 958 1765 φανῆμεν
974 1715 1022 1753 C.
1040 1714 1179 1767 Mosq.
1211 1711 1388 1765 φάνημεν
1407 1713 1525 1754 codd.
1543 1713 1684 1768 reliqui
1701 1728 1794 1754 cum

364 1777 465 1819 Ald.
502 1779 610 1820 Rob.
645 1780 779 1820 Turn.
814 1779 926 1834 quod
961 1794 1036 1834 pro
1071 1777 1270 1831 ἐφάνημεν
1302 1778 1455 1834 accepit
1495 1777 1706 1819 scholiasta
1739 1786 1793 1828 et,

364 1843 506 1885 addito
527 1845 696 1895 ἶωνικῶς,
717 1845 917 1900 glossator
936 1844 1086 1885 codicis
1106 1846 1156 1885 B.

422 1921 515 1964 791.
535 1911 619 1962 μηδ’
642 1910 775 1967 εἰ-ᾔ]
799 1910 1036 1952 Notandum
1061 1913 1095 1951 εἰ
1114 1925 1204 1951 cum
1226 1909 1485 1965 conjunctivo
1501 1919 1794 1960 constructum,

364 1976 476 2031 quod
497 1976 695 2017 rarissime
725 1977 799 2018 sibi
828 1978 1096 2033 permiserunt
1120 1976 1275 2031 tragici.
1335 1976 1544 2032 Sophoclis
1563 1977 1796 2032 exemplum

364 2056 414 2082 ex
431 2041 532 2082 OEd.
550 2043 605 2082 T.
624 2043 719 2096 874.
740 2043 878 2083 attulit
895 2043 1184 2098 grammaticus
1202 2042 1241 2083 in
1261 2042 1438 2083 Bekkeri
1459 2042 1619 2083 Anecd.
1641 2058 1681 2098 p.
1704 2056 1796 2095 144,

366 2119 433 2150 22.
464 2107 597 2163 Apud
618 2108 863 2163 AEschylum
883 2108 931 2159 ἢν
951 2107 1107 2162 scripsit
1129 2107 1374 2148 Brunckius.

423 2184 517 2226 792.
546 2174 804 2215 conferenda
832 2184 893 2214 est
919 2173 1122 2214 Artabani
1147 2173 1275 2213 oratio
1303 2173 1414 2228 apud
1446 2174 1645 2214 Herodot.
1669 2186 1708 2226 7,
1726 2188 1795 2227 49.

365 2239 437 2280 ubi
456 2239 560 2279 duos
580 2240 797 2280 Persarum
827 2240 962 2281 hostes
990 2238 1278 2280 infensissimos
1306 2248 1497 2289 recenset,
1519 2254 1628 2280 mare
1647 2255 1694 2279 ac
1713 2249 1793 2280 ter-

364 2320 469 2357 ram,
490 2321 666 2360 quorum
686 2307 790 2347 hanc
808 2306 981 2347 affirmat
1000 2304 1197 2346 exercitui
1215 2305 1331 2356 λιμὸν
1350 2305 1540 2356 τέξεσθαι.
1567 2306 1794 2347 BLOMF.

422 2383 517 2426 793-
540 2372 751 2427 συμμαχεῖ]
771 2376 962 2425 ξυμμαχεῖ
979 2372 1030 2411 Β·
1763 2380 1766 2385 ’

424 2449 517 2492 794.
549 2438 832 2493 ὑπερπόλλους]
858 2437 1121 2491 ὑπερκόμπους
1149 2438 1289 2494 vulgo.
1333 2439 1583 2490 ὑπερπώλους
1614 2439 1679 2478 Μ.
1713 2439 1794 2479 Ba-

364 2519 467 2544 rocc.
489 2511 529 2544 et
549 2504 676 2544 Paris.
699 2513 794 2555 tres,
816 2504 928 2560 quod
949 2504 1047 2559 legit
1068 2503 1292 2554 scholiasta,
1314 2503 1385 2559 qui
1410 2503 1650 2547 πολυΐππους
1674 2504 1796 2545 inter-

364 2579 561 2625 pretatur.
594 2569 745 2611 Veram
764 2570 1005 2625 scripturam
1021 2569 1196 2610 restituit
1212 2571 1477 2611 Hermannus
1493 2570 1644 2625 Opusc.
1662 2570 1740 2610 vol.
1757 2583 1793 2611 2.

365 2652 406 2692 p.
431 2648 523 2690 232.
545 2635 617 2691 qui
636 2637 906 2689 ὑπερπολλοὺς
925 2635 1094 2690 scripsit.

423 2712 518 2756 795.
540 2702 726 2757 εὐσταλῆ]
748 2703 912 2752 εὖστελῆ
933 2703 998 2742 Μ.

421 2785 480 2809 τοι
501 2769 618 2808 B.M.
641 2769 807 2809 Barocc.
841 2785 884 2809 τε
904 2769 951 2808 C.
972 2768 1123 2822 aliique
1142 2768 1326 2809 nonnulli
1345 2782 1437 2809 cum
1459 2767 1558 2808 Ald.
1580 2767 1689 2809 Rob.
1733 2768 1796 2808 καὶ

368 2835 500 2874 Turn.
525 2834 666 2889 Steph.
