1898 3256
372 225 456 266 254·
844 228 1337 270 ANNOTATIONES

371 335 502 382 αὐτὸν,
520 337 570 379 ὡς
589 337 778 388 ἀκούομεν
797 346 837 379 et
857 353 905 379 ex
931 338 1055 394 Soph.
1075 340 1230 381 Trach.
1248 340 1369 394 1238.
1391 340 1488 392 ἀνὴρ
1507 339 1576 388 ὅδ’,
1599 341 1649 384 ὡς
1668 340 1809 391 ἔοικεν,

369 402 415 442 οὗ
435 406 566 453 νεμεῖν
586 403 670 454 ἐμοὶ
690 404 870 454 φθίνοντι
888 409 1040 457 μοῖραν.

426 469 471 508 ἐν
491 483 574 509 om.
597 469 698 510 Ald.
723 471 832 512 Rob.

426 534 643 586 ἀλλήλαισι
682 537 963 578 Blomfieldus.
1016 538 1227 590 ἀλλήλοισι
1264 538 1420 594 aliquot
1461 537 1579 579 codd.
1619 546 1660 578 et
1699 539 1807 579 Rob.

369 601 566 652 ἀλλήλαιν
586 603 686 644 Ald.
718 604 916 655 ἀλλήλῃσι
938 606 1074 646 Turn.

423 668 578 723 μαθὼν]
600 673 712 709 τοῦτο
732 671 867 720 μαθὼν
887 670 997 710 Rob.

429 746 522 786 19¹·
548 734 628 788 ἐπ’]
650 735 711 776 ὑπ’
735 738 799 777 Μ.

428 812 520 854 192.
542 801 594 853 χή
613 802 702 855 μὲν]
724 802 839 842 Asia.

428 879 519 921 193.
550 867 701 917 ἡνίαισί
727 868 757 907 τ’
781 868 1059 909 Blomfieldus.
1100 871 1245 920 ἡνίαισι
1266 868 1296 909 δ’
1317 869 1457 924 vulgo.
1495 868 1664 920 ἡνίαισιν
1685 870 1802 911 C.M.

367 932 515 973 omissa
536 933 745 988 particula.

426 1013 518 1054 194.
541 1000 630 1052 ἔντη
651 1002 789 1053 δίφρου
808 1001 1023 1042 Stanleius.
1055 1003 1099 1042 ἐν
1118 1005 1162 1053 τῇ
1184 1003 1322 1054 δίφρον
1340 1003 1497 1054 (δίφρου
1515 1003 1578 1042 Μ.
1594 1009 1635 1042 et
1651 1019 1712 1055 γρ.
1730 1003 1801 1056 Β.)

364 1065 504 1120 vulgo.
547 1074 575 1091 ‘⁶
594 1067 660 1107 Sic
681 1068 795 1108 ἔντεα
815 1070 948 1109 ἱππικὰ
969 1068 1088 1109 Pind.
1112 1068 1277 1124 Olymp.
1304 1082 1369 1123 13,
1391 1070 1457 1110 28.
1479 1068 1550 1109 ubi
1569 1068 1652 1109 vid.
1675 1069 1800 1110 schol.

364 1141 404 1173 et
425 1133 547 1174 Nem.
567 1147 604 1188 9,
621 1147 688 1188 51.
723 1134 839 1175 Idem
856 1135 979 1191 Pyth.
993 1149 1035 1186 4,
1049 1148 1147 1187 417.
1170 1135 1419 1187 σπασάμενος
1439 1135 1469 1176 δ’
1493 1136 1656 1187 ἄροτρον
1669 1137 1803 1186 βόεοις

364 1201 483 1248 δῆσεν
502 1199 674 1252 ἀνάγκας
695 1201 850 1242 ἔντεσιν
870 1202 1050 1255 αὐχένας,
1072 1203 1124 1243 cf.
1145 1215 1186 1256 5,
1207 1217 1232 1252 4
1236 1213 1277 1256 5.
1304 1202 1520 1242 κατέκλασε
1547 1201 1690 1242 ἐντέων
1709 1201 1801 1242 σθέ-

364 1265 430 1307 νὸς
455 1265 580 1307 οὐδέν.
629 1267 717 1307 Ubi
743 1267 890 1308 iterum
912 1268 992 1309 vid.
1021 1268 1145 1309 schol.
1196 1270 1277 1308 Per
1306 1268 1420 1309 ἔντεα
1447 1270 1584 1320 δίφρου
1608 1267 1800 1323 intelligit

362 1330 461 1380 lora,
481 1332 634 1387 quibus
653 1333 847 1388 adjuncta
866 1342 952 1375 erat
973 1334 1127 1383 currui,
1149 1343 1189 1375 et
1209 1335 1360 1374 frena?
1389 1335 1695 1375 ABRESCH.

424 1409 513 1453 195.
546 1401 833 1452 διασπαράσσει
858 1400 1053 1442 Cantabr.
1081 1400 1293 1442 secundus.
1339 1400 1638 1453 διασπαράττειν
1656 1401 1798 1456 vulgo,

362 1474 402 1506 et
421 1465 476 1506 sic
498 1467 564 1506 M.
585 1481 765 1521 quoque.

423 1545 516 1586 199.
536 1533 710 1575 πέπλους
728 1533 935 1590 ῥήγνυσιν]
959 1535 1115 1575 Notum
1138 1534 1288 1575 doloris
1306 1533 1516 1574 indicium.
1569 1534 1673 1575 Vide
1693 1534 1798 1575 infra

359 1599 456 1650 468.
483 1612 601 1653 1030.
625 1600 761 1641 Theb.
785 1602 882 1655 318.
907 1600 1092 1656 Choeph.
1112 1613 1176 1655 25.
1201 1600 1420 1656 Spanhem.
1442 1600 1483 1640 in
1505 1600 1666 1642 Callim.
1690 1602 1796 1642 Lav-

362 1665 468 1705 Pall.
491 1677 558 1716 70.
582 1667 784 1708 Herodot.
805 1681 847 1721 3,
869 1668 936 1708 66.
958 1667 1112 1720 Πέρσαι
1138 1669 1194 1718 δὲ,
1216 1669 1266 1710 ὡς
1294 1668 1363 1708 τὸν
1381 1667 1555 1718 βασιλέα
1581 1667 1683 1708 εἶδον
1703 1669 1797 1709 ἀνα-

361 1732 599 1780 κλαύσαντα,
621 1733 763 1776 πάντες
791 1734 839 1775 τά
867 1751 910 1775 τε
940 1736 1102 1785 ἐσθῆτος
1132 1735 1302 1788 ἐχόμενα
1332 1734 1453 1787 εἶχον,
1474 1738 1594 1775 ταῦτα
1623 1737 1795 1787 κατηρεί-

360 1815 486 1846 κοντο,
508 1799 569 1839 καὶ
590 1801 735 1855 οἰμωγῇ
757 1801 916 1855 ἀφθόνῳ
937 1800 1182 1853 διεχρέωντο.
1214 1801 1442 1842 BLOMF.

417 1877 512 1905 201.
551 1868 783 1919 καλλιρρόου
815 1867 974 1920 ἔψαυσα
1002 1867 1146 1923 πηγῆς]
1184 1867 1265 1916 Qui
1298 1867 1452 1908 somnia
1482 1866 1587 1908 male
1616 1867 1794 1908 ominata

358 1930 558 1982 viderant,
580 1933 716 1973 subito
745 1933 968 1989 experrecti
994 1944 1035 1974 et
1053 1935 1141 1974 face
1170 1949 1335 1974 accensa
1355 1949 1499 1974 manus
1527 1934 1732 1984 lavabant,
1751 1944 1792 1975 et

357 1998 518 2053 piacula
530 1999 606 2040 diis
621 2001 866 2050 averruncis,
881 2017 950 2041 seu
968 2001 1044 2041 diis
1057 2001 1244 2041 manibus
1255 2001 1469 2041 faciebant.
1502 2000 1594 2041 Vid.
1605 2001 1791 2056 Choeph.

356 2077 453 2119 533.
476 2065 699 2121 Euripides
727 2068 837 2122 apud
864 2068 1074 2123 Aristoph.
1097 2069 1205 2108 Rau.
1231 2070 1351 2121 1376.
1370 2067 1500 2108 Ἀλλά
1525 2085 1603 2119 μοι,
1625 2070 1793 2120 ἀμφίπο-

356 2136 433 2181 λοι,
455 2133 607 2185 λύχνον
626 2131 769 2184 ἅψατε,
792 2135 967 2175 Καλπίσι
996 2134 1026 2174 τ’
1049 2136 1092 2175 ἐκ
1117 2139 1300 2186 ποταμῶν
1319 2135 1463 2186 δρόσον
1481 2135 1610 2186 ἄρατε,
1633 2135 1794 2186 θέρμετε

357 2195 387 2237 δ’
408 2198 521 2249 ὕδωρ,
542 2196 617 2240 εΩς
646 2197 695 2238 ἂν
723 2202 830 2239 θεῖον
855 2201 1007 2252 ὄνειρον
1027 2202 1249 2241 ἀποκλύσω.
1312 2199 1377 2240 Sic
1408 2200 1597 2247 Hecuba,
1624 2198 1666 2239 in
1695 2199 1793 2240 litus

356 2262 618 2314 descendens,
640 2264 841 2305 exclamat
865 2266 1138 2318 ἀποπέμπομαι
1168 2267 1333 2320 ἔννυχον
1363 2268 1471 2319 ὄψιν.
1515 2265 1790 2321 Theophrast.

355 2329 407 2369 de
440 2330 742 2384 Superstitioso,
774 2332 836 2372 καὶ
865 2332 960 2372 ὅταν
992 2334 1173 2374 ἐνύπνιον
1206 2335 1280 2388 ἴδῃ,
1315 2335 1548 2386 πορεύεσθαι
1582 2334 1676 2386 πρὸς
1704 2335 1792 2378 τοὺς

355 2398 875 2450 ὀνειροκρίτας-ἐρωτήσων
895 2399 970 2439 τίνι
985 2402 1060 2454 θεῷ
1079 2398 1102 2450 ἢ
1122 2403 1192 2453 6εᾷ
1212 2401 1502 2454 προσεύχεσθαι
1522 2403 1590 2441 δεῖ.
1618 2400 1689 2441 ubi
1705 2401 1788 2442 vid.

356 2463 533 2504 Casaub.
592 2463 731 2519 Apoll.
752 2478 794 2515 4,
815 2466 909 2505 662.
932 2465 1027 2506 ἔνθα
1057 2468 1099 2506 δὲ
1133 2467 1276 2519 Κίρκην
1306 2468 1434 2519 Εὗρον
1464 2467 1560 2510 ἁλὸς
1594 2464 1791 2508 νοτίδεσσι

355 2529 449 2582 κάρη
481 2531 852 2583 ἐπιφαιδρύνουσαν.
881 2535 1002 2573 Τοῖον
1033 2535 1108 2585 γὰρ
1140 2535 1332 2586 νυχίοισιν
1366 2534 1564 2586 ὀνείρασιν
1599 2535 1788 2586 ἐπτοίητο.

354 2595 424 2636 ubi
445 2595 568 2636 schol.
591 2598 885 2650 ἀποτρεπομένη
907 2599 1084 2651 φοβερὸν
1102 2601 1210 2651 ὄναρ.
1240 2599 1446 2654 Apuleius
1471 2614 1484 2639 1
1499 2613 1533 2640 1.
1554 2615 1595 2655 p.
1612 2601 1704 2655 238.
1725 2600 1796 2641 ed.'

353 2661 461 2702 Prie.
485 2662 712 2717 Corgfiwtim
733 2664 921 2705 discussa
939 2666 1075 2720 pigra
1093 2667 1238 2721 quiete,
1259 2667 1396 2706 alacer
1414 2680 1596 2723 exsurgo
1609 2683 1622 2707 :
1654 2681 1791 2722 meque

345 2731 559 2783 protinus,
598 2731 859 2784 purg'ficandi
897 2732 1049 2780 studio,
1089 2734 1249 2773 marino
1287 2733 1453 2774 lavacro
1488 2733 1616 2774 trado.
1668 2734 1788 2774 Conf.

355 2794 517 2835 Mosoh.
541 2794 665 2850 Idyll.
690 2808 726 2846 2,
753 2799 815 2837 16.
847 2798 1074 2838 BLOMF.
1125 2800 1333 2852 καλλιρόου
1354 2801 1418 2840 Μ.

411 2874 504 2916 203.
523 2861 660 2917 βωμῷ]
681 2863 819 2914 βωμὸν
841 2865 904 2904 Μ.
926 2874 967 2905 et
986 2864 1170 2921 quinque
1188 2865 1267 2906 alii.

408 2940 501 2980 204.
533 2928 642 2982 τέλη]
672 2929 821 2970 Sacra.
867 2930 1012 2971 Minus
1043 2941 1150 2972 recte
1186 2931 1389 2973 Stanleius
1417 2947 1591 2988 quorum
1621 2932 1693 2974 hoc
1726 2939 1786 2974 est
