1898 3256
717 231 807 272 AD
838 229 1091 272 PERSAS.
1558 225 1640 269 261

168 358 238 402 30.
274 347 433 399 Πρᾶτος
462 342 493 385 δ’
525 343 580 385 ῶν
613 342 721 384 ἄειδε
750 341 892 396 λαχὼν
923 341 1035 383 ἰυκτᾶ
1067 338 1299 383 Μενάλκας.
1330 336 1405 379 ubi
1432 336 1560 379 schol.
1591 352 1645 379 ex

169 411 426 455 Callimacho
444 410 544 453 citat
562 409 695 459 Ἰύζων
715 407 775 451 ἀν’
797 410 900 463 ὅρος.
931 417 1149 464 notatque,
1173 408 1291 457 ἰύζειν
1313 406 1358 448 τὸ
1379 409 1643 461 λιγνφωνεΐν.

169 481 307 534 κυρίως
325 480 369 521 δὲ
390 479 454 521 ἐπὶ
473 482 682 533 γυναικῶν.
715 477 777 520 Ut
796 477 850 519 ab
870 479 975 530 οἴμοι
995 477 1144 529 οἰμώζω
1165 484 1207 517 et
1227 474 1394 529 οἰμωγὴ,
1415 473 1474 516 sic
1502 473 1557 516 ab
1584 475 1645 515 ἰοῦ

170 550 259 599 ἱύζω
290 557 332 590 et
361 547 462 602 Ζυγή.
494 547 548 589 de
571 562 656 604 qua
686 562 786 588 voce
815 545 900 588 vid.
933 547 1127 601 Interpp.
1150 543 1204 585 ad
1227 542 1418 600 Hesych.
1448 541 1644 599 Sophocl.

170 615 349 658 Philoct.
367 625 465 671 752.
488 616 637 669 ἰυγμός.
661 614 852 670 Choeph.
869 626 936 667 24.
959 616 1111 668 ἶυγμοῖς
1129 613 1330 665 βόσκομαι
1351 609 1457 664 κέαρ.
1489 609 1644 667 Eurip.

170 683 340 726 Heracl.
375 693 469 738 127.
502 684 557 725 Τί
589 682 668 735 δῆτ’
701 685 848 737 ἰυγμῶν
885 681 943 734 ἥδ’
983 683 1107 723 ἐδεῖτο
1143 678 1355 734 συμφορά;
1408 679 1644 720 BLOMF.

168 753 286 802 ἰύζειν
305 766 389 793 non
418 751 472 793 ab
494 752 566 799 ἰοὺ,
589 750 660 792 sed
685 751 739 792 ab
771 751 807 793 ἰὺ
833 750 1132 792 derivandum:
1166 748 1219 790 de
1246 762 1331 804 qua
1359 746 1647 804 interjectione

167 820 255 862 dixi
274 819 318 861 in
339 819 560 861 Thesauro
582 818 796 876 Stephani.
847 820 919 861 Ex
942 819 1008 860 M.
1029 826 1278 860 annotatum
1298 818 1417 865 ἵουζε.

230 889 326 933 282.
351 887 446 931 286.
469 886 578 942 δᾴοις
598 887 823 930 Burneius.
855 886 979 932 δαΐοις
994 886 1138 944 vulgo.

229 957 326 1000 282.
345 955 477 998 πάντα
495 954 725 1011 παγκάκως]
746 955 959 1011 παγκάκως
977 955 1109 998 πάντα
1130 955 1269 996 Turn.

232 1025 330 1077 284.
356 1024 494 1079 ἔχθος]
518 1041 583 1078 γρ.
604 1024 729 1078 ἄχθος
749 1025 802 1066 Β.

232 1093 328 1148 285.
360 1093 413 1137 ὡς
441 1091 570 1133 στένω
598 1091 862 1148 μεμνημένος]
895 1091 1095 1149 Synesius
1113 1089 1252 1148 Epist.
1280 1101 1375 1145 129.
1405 1104 1448 1146 p.
1473 1089 1571 1144 265.
1592 1102 1646 1130 ex

173 1160 355 1203 Eunidis
375 1159 552 1212 Cratini,
573 1159 767 1212 στένομεν
786 1159 1027 1214 μεμνημένοι
1043 1157 1183 1213 Ἥβης
1203 1159 1367 1211 ἐκείνης,
1390 1160 1461 1200 νοῦ
1488 1156 1521 1199 τ’
1544 1158 1644 1200 ἐκεί·

174 1246 257 1278 νου,
280 1230 344 1271 καὶ
363 1232 534 1283 φρενῶν.
568 1229 804 1270 BLOMF.

230 1297 328 1340 286.
348 1296 531 1351 Ἀθᾶναι]
550 1294 717 1348 Ἀθῆναι
736 1297 803 1337 Μ.
826 1297 966 1338 Turn.
996 1297 1101 1338 Post
1122 1295 1230 1350 δᾴοις
1249 1293 1368 1336 colon
1389 1302 1586 1351 ponatur.

232 1365 331 1407 288.
351 1364 501 1421 μάταν]
527 1364 732 1416 Frustra,
752 1363 781 1406 i.
801 1379 839 1406 e.
860 1363 1080 1406 immerito.

231 1433 329 1489 289.
363 1433 540 1489 ἔκτισαν]
572 1435 681 1483 κτίζω
708 1432 773 1475 vel
803 1434 908 1481 κτίω,
936 1433 1080 1483 condo,
1111 1432 1136 1474 i.
1166 1447 1204 1472 e.
1239 1431 1382 1487 efficio,
1408 1445 1495 1486 quo
1523 1444 1646 1471 sensu

173 1502 330 1544 Nostro
342 1511 571 1558 usurpatur
584 1501 774 1558 Choeph.
788 1502 914 1557 1058.
935 1499 1194 1558 Suppl.430.
1204 1500 1301 1555 630.
1316 1499 1440 1554 1065.
1460 1499 1645 1540 Eumen.

178 1582 244 1624 17.
267 1569 339 1611 ubi
369 1568 588 1610 scholiasta
609 1570 738 1611 κτίσαι
767 1583 845 1626 pro
863 1571 1028 1620 ποιῆσαι
1050 1566 1244 1624 AEschyli
1273 1566 1430 1608 idioma
1457 1582 1545 1608 esse
1573 1566 1646 1619 ait,

174 1653 300 1695 quem
330 1637 487 1679 refutat
517 1636 759 1678 Markland.
790 1652 843 1678 ex
876 1636 1029 1693 Eurip.
1064 1635 1211 1693 Suppl.
1247 1637 1343 1690 786.
1375 1645 1418 1677 et
1449 1634 1646 1693 Sophocl.

177 1705 379 1748 Trachin.
402 1715 500 1761 915.
533 1705 767 1747 BLOMF.

232 1773 401 1829 εὔνιδας]
424 1774 541 1822 εὖνις,
561 1773 834 1827 ἐστερημένος,
852 1775 1043 1827 ὀρφανὸς,
1062 1772 1212 1825 ἐνδεής.
1246 1771 1433 1829 Hesych.
1455 1771 1643 1830 Etymol.

177 1843 244 1885 M.
279 1857 325 1898 p.
356 1855 454 1897 393,
486 1842 557 1898 38.
587 1843 706 1886 Εὗνις
736 1843 918 1895 σημαίνει
952 1841 1023 1884 τὸν
1057 1842 1182 1895 ἄνδρα
1217 1841 1280 1882 καὶ
1310 1840 1382 1892 τὴν
1412 1844 1592 1894 γυναῖκα·
1623 1842 1647 1882 ὁ

177 1911 280 1954 εὖνις
299 1910 403 1961 καὶὴ
425 1910 539 1953 εὖνις.
573 1910 757 1962 σημαίνει
786 1911 830 1950 δὲ
860 1910 930 1951 τὸν
958 1908 1240 1962 μεμονωμένον
1271 1909 1334 1951 καὶ
1365 1908 1647 1962 ἐστερημένον,

177 1979 230 2022 ὦς
257 1977 315 2026 τὸ,
330 1976 409 2021 “Os-
435 1976 474 2029 μ’
495 1979 589 2019 υἱῶν
607 1981 772 2019 πολλῶν
798 1994 842 2019 τε
868 1979 933 2020 καὶ
954 1979 1113 2019 ἐσθλῶν
1135 1978 1242 2019 εὖνιν
1264 1978 1392 2030 ἔθηκε.
1442 1976 1647 2019 Absurde

175 2045 434 2103 grammatici
460 2044 623 2086 ducunt
651 2060 703 2086 ex
735 2045 803 2096 εἷς,
825 2046 929 2088 ἑνός.
977 2045 1170 2102 Choeph.
1194 2057 1290 2100 245.
1311 2044 1416 2087 Ἰδοῦ
1435 2047 1479 2087 δὲ
1496 2044 1647 2099 γένναν

178 2116 285 2157 εὖνιν
305 2115 434 2162 ἀετοῦ,
456 2114 605 2167 πατρὸς
635 2115 842 2158 Θανόντος
869 2114 914 2155 ἐν
937 2118 1149 2156 πλεκταῖσι
1179 2115 1243 2156 καὶ
1263 2113 1517 2167 σπειρήμασι.
1579 2112 1647 2155 Sic

176 2182 498 2240 distinguendus
526 2182 603 2224 iste
632 2182 760 2224 locus.
791 2196 831 2223 v.
859 2192 957 2236 792.
982 2180 1091 2223 Ἴσθι
1121 2180 1151 2223 δ’
1182 2181 1325 2235 ἀνδρὸς
1357 2183 1480 2235 φίλου
1510 2184 1648 2223 πῶλον

179 2253 286 2295 εὖνιν
319 2250 467 2306 ζυγέντ’
503 2252 548 2292 ἐν
575 2251 728 2304 ἅρματι.
775 2250 972 2307 Sophocl.
1002 2249 1202 2292 Trachin.
1232 2252 1331 2307 563.
1362 2250 1432 2292 τὸν
1461 2250 1648 2306 πατρῷον

178 2320 294 2372 ἡνίκα
323 2321 472 2361 στόλον
502 2319 586 2363 Ξὺν
613 2318 813 2372 “Ηρακλεῖ
838 2318 884 2360 τὸ
915 2322 1071 2373 πρῶτον
1101 2319 1204 2363 εὖνις
1231 2319 1425 2372 ἑσπόμην.
1455 2317 1530 2359 ubi
1561 2317 1646 2359 vid.

178 2387 431 2429 Wakefield.
462 2387 695 2428 BLOMF.
769 2388 972 2444 Suspecta
1000 2396 1063 2428 est
1091 2386 1230 2428 brevis
1256 2386 1300 2428 in
1324 2387 1408 2428 fine
1428 2385 1648 2442 antispasti

180 2454 352 2512 syllaba,
382 2454 450 2495 cui
478 2453 605 2510 longa
628 2453 851 2510 respondet
884 2453 927 2494 in
960 2469 1084 2495 versu
1113 2453 1323 2511 strophico
1352 2454 1450 2508 283.
1484 2453 1645 2501 ἔθεσαν,

181 2523 275 2569 αἰαῖ,
298 2522 469 2573 στρατοῦ
488 2519 723 2574 φθαρέντος.
773 2521 967 2562 Fortasse
992 2520 1123 2577 igitur
1148 2521 1303 2564 εὔνιδας
1333 2521 1523 2563 ἔκτισσαν
1550 2519 1648 2565 scri-

178 2587 363 2630 bendum
394 2602 489 2628 cum
511 2587 725 2630 Boeckhio
752 2588 797 2629 in
825 2588 1028 2645 prooemio
1055 2588 1203 2630 indicis
1232 2587 1458 2630 lectionum
1485 2587 1647 2629 aestiva-

180 2671 275 2698 rum
295 2655 624 2698 Berolinensium
645 2672 683 2698 a.
704 2657 827 2711 1827.
849 2671 894 2713 p.
915 2670 983 2698 11.

240 2736 335 2780 293.
356 2723 531 2780 βροτοῖς]
551 2725 720 2778 βροτοὺς
739 2739 836 2781 pars
855 2723 1045 2766 codicum
1066 2732 1108 2766 et
1127 2723 1258 2777 Rob.,
1276 2738 1360 2766 non
1382 2724 1450 2766 M.

242 2803 338 2848 295.
359 2791 527 2848 στένεις]
548 2792 706 2836 στένοις
724 2791 883 2849 aliquot
902 2791 1011 2834 libri.

242 2870 338 2915 297.
370 2859 581 2915 ἆρχελάων
619 2859 732 2902 Rob.
763 2867 821 2912 et,
852 2868 902 2902 ut
939 2860 1121 2910 videtur,
1156 2859 1392 2911 scholiasta,
1425 2858 1498 2916 qui
1537 2863 1650 2903 λαῶν

181 2928 385 2982 ἀρχόντων
406 2927 598 2984 explicat.
649 2927 769 2970 Libri
791 2927 939 2985 reliqui
959 2929 1192 2983 ἀρχελείων.

239 2995 499 3051 σκηπτουχίᾳ]
524 2990 789 3054 Βεερίνίἕΐνῖ
809 3011 975 3039 munus.
1007 2998 1183 3039 Homer.
1208 2996 1329 3040 Iliad.
1351 3000 1396 3039 B.
1420 2997 1487 3039 86.
1519 2996 1648 3054 Argi-
