1898 3256
336 214 420 257 272
808 219 893 259 ΑΝ
897 219 938 259 Ν
942 219 1302 261 OTATIONES

392 333 490 378 425.
521 324 783 380 θραύσμασιν]
820 326 1037 378 θραύμασιν
1058 326 1216 382 aliquot
1234 326 1354 368 codd.
1382 327 1488 369 inter
1506 341 1610 383 quos
1629 327 1711 378 Μ.,
1729 335 1771 368 et

337 389 447 430 Rob.

393 458 587 511 ἐρειπίων]
616 458 773 510 ἑριπίων
793 459 858 500 Μ.

340 553 341 556 =
391 525 488 576 426.
509 524 670 578 οἰμωγὴ]
691 526 858 578 οἰμωγῆς
877 526 943 566 Μ.

390 603 489 645 430.
512 592 825 646 στοιχηγοροίην]
848 579 1161 646 στοιχοιγάροίην
1182 594 1245 633 Μ.
1282 595 1555 647 στιχηγοροίην
1575 602 1771 649 quattuor

336 656 456 699 codd.

390 736 488 778 431.
508 722 647 776 μηδάμ’
668 724 726 765 Α.
748 733 789 765 et
807 742 869 777 γρ.
891 725 944 765 Β.
973 725 1057 776 μηδ’
1078 724 1127 765 ἂν
1145 724 1282 781 vulgo.

390 802 487 845 432.
501 788 820 844 τοσουτάριθμον]
835 793 983 831 τοσοῦτ’
991 791 1152 843 ἀριθμὸν
1164 791 1320 847 aliquot
1334 792 1457 834 codd.
1469 801 1510 834 et
1523 792 1624 833 Ald.
1633 794 1768 833 Turn.

389 870 487 911 433.
510 856 694 910 ἔρρωγεν]
718 856 877 908 ἔρρωται
899 857 1036 911 Mosq.
1057 865 1098 897 et
1116 872 1141 897 a
1159 872 1222 912 pr.
1243 872 1298 899 m.
1323 859 1389 899 M.

389 936 488 977 435.
509 922 680 963 Excidit
700 937 857 963 comma
877 931 968 977 post
985 924 1082 963 ἴσθι.

392 989 509 1030 κακὸν
534 989 718 1044 quinque
747 988 917 1030 codices.
962 993 1088 1030 κακῶν
1115 989 1252 1046 vulgo.
1295 990 1446 1046 Eurip.
1474 991 1594 1032 Med.
1621 1001 1692 1046 59.
1726 993 1770 1033 ἐν

334 1057 435 1112 ἀρχῇ
454 1058 562 1108 πῆμα
580 1046 751 1096 κούδέπω
770 1059 896 1107 μεσοῖ.

389 1124 486 1178 436.
508 1121 658 1177 αὐτοὺς]
680 1123 809 1166 αὐτοῖς
830 1123 893 1164 Μ.
914 1131 954 1163 et
974 1137 1116 1164 novem
1136 1123 1202 1164 alii
1222 1138 1314 1164 cum
1336 1123 1438 1165 Ald.
1461 1124 1568 1166 Rob.
1602 1125 1769 1181 Reliqui

332 1190 469 1233 αὐτοὺς
486 1204 579 1230 cum
602 1190 738 1231 Turn.

389 1255 551 1311 πάθους]
572 1255 738 1299 πένθους
756 1255 912 1311 aliquot
932 1256 1052 1298 codd.

388 1336 486 1375 441.
508 1323 647 1376 φύσιν]
672 1323 791 1375 φύσει
810 1331 964 1379 septem
985 1322 1103 1364 codd.

388 1403 486 1442 442.
509 1389 724 1444 ἐκπρεπεῖς]
748 1390 948 1442 εὐπρεπεῖς
970 1390 1110 1431 Guelf.
1131 1390 1281 1446 aliique
1300 1392 1484 1433 nonnulli
1504 1408 1596 1434 cum
1619 1394 1729 1434 Rob.

389 1470 486 1509 444.
518 1456 689 1510 οἰκτρῶς]
718 1455 987 1496 Scribendum
1021 1458 1192 1510 αἰσχρῶς
1220 1472 1270 1497 ex
1298 1459 1479 1500 A.B.M.
1510 1470 1551 1500 et
1579 1459 1769 1501 undecim

332 1523 421 1565 aliis
439 1523 556 1564 codd.
578 1532 619 1563 et
639 1522 749 1563 Rob.

390 1588 700 1644 δυσκλεεστάτῳ]
722 1589 1016 1646 δυστυχεστάτῳ
1035 1591 1092 1632 Α.
1113 1600 1155 1632 et
1174 1606 1243 1632 sex
1264 1591 1343 1633 alii.

389 1655 509 1711 μόρῳ]
530 1655 659 1711 πότμῳ
680 1657 819 1711 Mosq.
842 1657 896 1697 N.

389 1736 486 1777 445.
510 1722 548 1763 οἳ
565 1722 635 1776 ’γὼ
656 1724 877 1764 Porsonus.
909 1723 946 1765 οἲ
966 1724 1043 1777 ἐγὼ
1062 1723 1198 1780 vulgo.

392 1790 604 1843 ξυμφορᾶς]
629 1793 831 1842 συμφορᾶς
848 1789 952 1831 libri.

389 1857 485 1907 446.
505 1854 609 1909 μόρῳ
630 1856 690 1909 δὲ]
716 1857 758 1896 δὲ
777 1855 882 1911 μόρῳ
903 1856 1014 1898 Rob.
1043 1858 1086 1897 δὲ
1104 1872 1184 1899 om.
1206 1858 1376 1900 Barocc.
1396 1859 1495 1900 Ald-

389 1933 489 1974 447.
526 1922 660 1977 νῆσος]
698 1923 830 1964 Schol.
866 1924 936 1975 τὴν
969 1923 1214 1965 Ψυττάλειαν
1248 1925 1383 1978 φησὶν,
1418 1927 1499 1977 ἥτις
1531 1925 1671 1981 ἀπέχει
1703 1930 1770 1979 τῆς

335 1992 559 2040 Σαλαμῖνος
584 1995 629 2041 ρὲ
655 1991 846 2033 σταδίους.
877 1990 967 2046 lege
993 1996 1012 2031 ἓ
1041 1992 1231 2035 σταδίους.
1277 1993 1478 2034 Herodot.
1512 1994 1552 2044 8,
1573 2007 1640 2049 95.
1666 1994 1770 2049 Ἀρι-

332 2057 787 2109 στείδης--παραλαβὼν
805 2057 977 2100 πολλοὺς
1002 2061 1079 2098 τῶν
1098 2059 1279 2107 ὁπλιτῶν,
1297 2060 1334 2100 οἳ
1352 2060 1645 2115 παρατετάχατο
1664 2064 1771 2114 παρὰ

333 2122 403 2173 τὴν
423 2122 542 2173 ἀκτὴν
573 2126 638 2173 τῆς
666 2125 904 2175 Σαλαμινίης
931 2125 1069 2177 χώρης,
1094 2124 1210 2176 γένος
1239 2127 1369 2169 ἐόντες
1391 2126 1604 2178 Ἀθηναῖοι,
1633 2129 1672 2171 ἐς
1699 2128 1771 2179 τὴν

332 2187 574 2230 Ψυττάλειαν
593 2191 715 2239 νῆσον
735 2188 915 2240 ἀπέβησε
934 2190 1054 2243 ἄγων,
1077 2191 1114 2232 οἲ
1133 2192 1221 2235 τοὺς
1235 2192 1394 2245 Πέρσας
1412 2194 1500 2237 τοὺς
1520 2196 1563 2235 ἐν
1577 2197 1622 2246 τῇ
1643 2196 1770 2246 νησίδι

325 2256 450 2306 ’ταύτῃ
481 2257 774 2308 κατεφόνευσαν
802 2255 963 2304 πάντας,
994 2271 1141 2314 nempe
1169 2258 1220 2299 ad
1251 2259 1584 2316 quadringentos.
1635 2262 1702 2303 Cf.
1727 2262 1767 2312 8,

333 2323 400 2375 76.
422 2323 598 2362 Pausan.
625 2334 662 2370 Ι,
682 2323 750 2376 36.
783 2322 978 2378 Stephan.
1006 2324 1111 2379 Byz.
1142 2326 1350 2368 Ψυττάλια.
1383 2330 1501 2378 νῆσος
1523 2329 1610 2381 περὶ
1639 2332 1769 2370 Σαλα-

331 2393 438 2442 μῖνα.
468 2389 594 2444 Lege,
614 2388 689 2440 πρὸ
716 2391 952 2440 Σαλαμῖνος.
994 2390 1184 2447 Alciphr.
1207 2405 1246 2443 2,
1267 2406 1310 2448 3.
1338 2394 1408 2445 τὴν
1435 2400 1678 2447 γειτνιῶσαν,
1698 2395 1770 2446 τὴν

331 2457 567 2498 Ψυτταλίαν.
617 2454 767 2496 Nescio
797 2470 849 2496 an
880 2456 977 2498 alibi
1004 2457 1201 2513 quicquid
1232 2460 1459 2516 reperiatur
1487 2461 1538 2502 de
1569 2462 1694 2503 Panis
1725 2462 1769 2503 in

331 2523 437 2565 hanc
465 2522 639 2565 insulam
667 2538 805 2564 amore
817 2539 830 2574 ;
860 2538 984 2579 quem
1013 2524 1272 2580 frequentare
1301 2542 1388 2568 eam
1418 2525 1476 2569 ait
1501 2527 1769 2580 scholiasta&

332 2592 385 2634 ὧς
405 2592 507 2643 ἱερᾶς
525 2590 660 2633 Πανὸς
678 2591 797 2642 οὔσης
815 2593 882 2642 τῆς
900 2590 1034 2642 νήσου,
1055 2590 1079 2643 ἢ
1099 2592 1150 2635 ὡς
1176 2592 1327 2645 ε’ρήμου.
1359 2594 1511 2647 ἐρήμοις
1535 2597 1611 2648 γὰρ
1639 2597 1770 2638 τόποις

332 2658 445 2701 οὗτος
470 2659 492 2698 ὃ
522 2657 612 2701 θεὸς
641 2658 899 2711 ἐνδιατρίβειν
928 2658 1068 2699 εἰώθει.
1127 2659 1238 2700 “Ita
1267 2674 1362 2700 sane
1389 2660 1632 2702 describitur
1659 2663 1768 2703 Stra—

332 2724 430 2766 boni
451 2739 491 2780 9.
512 2739 555 2781 p.
577 2735 630 2780 37
633 2734 676 2779 5.
698 2725 761 2766 καὶ
779 2725 803 2776 ἡ
822 2724 1041 2766 Ψυττάλεια
1060 2726 1196 2777 νησίον
1216 2726 1358 2779 ἔρημον
1377 2727 1439 2768 καὶ
1458 2731 1658 2781 πετρῶδες.
1708 2729 1768 2770 Et

322 2790 569 2848 'hujusmodi
588 2790 685 2832 locis
702 2791 883 2848 gaudere
901 2791 1052 2832 dicitur
1071 2791 1173 2833 deus
1191 2791 1270 2833 ille.
1313 2794 1522 2835 Homerus
1544 2796 1703 2850 Hymn.
1724 2794 1766 2835 in

333 2873 427 2899 eum
460 2873 502 2900 v.
533 2857 674 2901 6.-ὃς
706 2858 836 2900 πάντα
873 2859 1004 2911 λόφον
1044 2859 1231 2911 νιφόεντα
1262 2858 1453 2913 λέλογχε,
1484 2861 1563 2902 Καὶ
1597 2862 1767 2914 κορυφᾶς
