1898 3256
681 230 771 271 AD
803 229 1054 271 PERSAS.
1519 232 1605 273 303

196 342 471 400 πράσσοντας]
493 341 729 395 πράσσοντα
749 343 861 385 Rob.

196 411 314 466 ἆγον]
341 411 442 463 ἄγον
462 411 528 451 Μ.
551 410 655 452 Ald.
680 410 793 452 Rob.

195 479 324 522 οἴκους
344 479 570 519 Porsonus.
603 479 643 521 ἐς
662 479 792 522 οἴκους
812 476 920 518 libri.

197 546 294 597 864.
316 546 443 589 ὅσσας
464 547 530 586 Μ.
562 546 663 589 ὅσας
683 544 823 601 vulgo.

187 611 355 667 ”Ἀλυος]
383 612 613 669 AEschylus
633 612 675 653 in
695 612 833 654 animo
854 612 1021 653 videtur
1046 612 1237 654 habuisse
1257 615 1471 656 oraculum
1493 616 1605 657 istud

138 681 284 722 Croeso
303 680 465 732 datum,
485 684 658 734 Κροῖσος
676 678 809 722 “Ἀλυν
839 682 981 732 διαβὰς
1010 679 1189 734 μεγάλην
1219 681 1347 735 ἀρχὴν
1379 685 1606 726 καταλύσει.

138 749 372 790 BLOMF.

193 821 397 869 ποταμοῖο,
430 815 508 858 οὐδ’
542 815 766 857 Burneius.
805 819 983 868 ποταμοῦ
1013 815 1091 857 οὐδ’
1124 815 1262 873 vulgo.
1299 817 1509 870 ποτάμοῦδ’
1541 819 1606 861 vel

136 884 275 935 ποταμ’
298 883 376 925 οὐδ’
404 885 453 925 C.
481 892 523 925 et
550 884 686 924 Turn.
748 883 872 934 Quod
904 883 1122 925 scholiasta
1151 884 1251 940 legit
1281 884 1463 941 ineptam
1496 902 1607 928 com-

136 950 354 992 miniscens
403 951 620 1008 synizesin,
662 951 909 1004 σκληροτέρα
952 952 976 1003 ἡ
1017 951 1245 1002 συναλοιφὴ
1284 952 1494 1005 ποταμοΰδ’
1536 953 1604 1007 ἀφ’

137 1020 284 1067 ἑστίας,
307 1020 393 1061 οἶόν
414 1021 499 1061 ἐστι
518 1020 563 1060 τὸ
584 1023 654 1060 τοῦ
674 1019 790 1061 ἕνεκα
810 1021 991 1061 τοῦνεκα.

195 1086 293 1126 866.
316 1087 465 1140 συθεὶς]
490 1087 649 1130 συνθείς
671 1087 737 1127 Μ.

197 1154 292 1208 869.
312 1153 575 1209 Ἀχελωίδες]
596 1152 839 1208 Ἀχελωΐδος
858 1153 960 1194 Ald.
997 1154 1129 1195 Recte
1150 1153 1378 1203 scholiasta,
1402 1156 1484 1197 οἷαί
1502 1158 1605 1198 εἰσιν

137 1221 179 1261 αἱ
206 1219 446 1274 Ἀχελωίδες
476 1224 601 1272 νῆσοι,
633 1224 702 1262 τοῦ
737 1222 979 1273 Στρυμονίου
1013 1219 1214 1274 πελάγους
1248 1223 1289 1262 αἱ
1317 1221 1497 1275 πάροικοι
1527 1227 1605 1264 τῶν

135 1289 320 1344 Θρῃκίων
340 1290 557 1330 ἐπαύλεων.
619 1290 770 1345 Inepte
790 1288 1008 1329 scholiasta
1026 1288 1245 1339 recentior,
1266 1290 1602 1342 παραθαλάσσιοι·

136 1356 314 1412 ἆχελῷος
333 1358 409 1410 γὰρ
429 1357 474 1397 τὸ
494 1358 596 1410 ὕδωρ
618 1358 716 1397 κατὰ
735 1360 943 1410 γλῶσσαν.

194 1423 291 1476 870.
314 1425 513 1480 ἐπαύλων]
536 1425 742 1466 ἐπαύλεων
763 1424 874 1465 Rob.
908 1425 969 1465 Et
991 1423 1060 1475 sic,
1082 1424 1148 1466 vel
1171 1423 1229 1465 ἐπ’
1253 1424 1421 1473 αὐλέων,
1444 1425 1604 1481 aliquot

135 1490 310 1532 codices.

194 1559 295 1612 871.
324 1559 487 1616 λίμνας]
509 1560 642 1612 λίμνη,
664 1574 794 1608 mare,
815 1561 840 1612 ἡ
865 1559 1065 1601 θάλασσα.
1098 1559 1286 1616 Hesych.
1317 1559 1389 1601 ubi
1421 1560 1515 1601 vide
1543 1561 1605 1602 in-

134 1636 273 1682 terpp.
312 1627 454 1678 λίμνας
488 1627 649 1668 ἔκτοθεν
683 1627 894 1668 Heathius
931 1637 973 1668 et
1014 1627 1240 1668 Schutzius
1276 1626 1604 1683 interpretantur

130 1694 281 1750 procul
298 1708 326 1734 a
345 1695 468 1735 mari.
500 1693 655 1750 quibus
675 1694 843 1736 minime
862 1694 1026 1736 acced0.
1089 1694 1285 1750 Intelligo
1306 1694 1458 1750 potius,
1481 1703 1604 1738 eoetra

135 1775 251 1802 mare
281 1762 502 1818 AEgoeum‚
535 1761 701 1811 scilicet,
732 1776 828 1817 quae
861 1762 903 1802 in
941 1761 1190 1812 continente,
1222 1770 1263 1802 et
1298 1762 1405 1803 circa
1436 1763 1600 1804 Helles-

134 1838 324 1884 pontum,
364 1828 548 1885 itemque
589 1828 849 1885 Propontida
885 1838 928 1869 et
967 1830 1216 1885 Bosporum,
1258 1829 1345 1885 regi
1386 1830 1601 1885 parebant.

136 1897 370 1938 BLOMF.

194 1964 357 2006 ἔκτοθεν
384 1963 545 2005 codices
574 1963 743 2020 plurimi
772 1978 866 2004 cum
903 1963 1077 2019 Steph.:
1126 1964 1249 2020 pauci
1283 1965 1472 2007 ἔκτοσθεν
1505 1981 1599 2007 cum

136 2031 241 2073 Ald.
264 2031 375 2073 Rob.
404 2033 542 2073 Turn.
603 2031 845 2082 Scholiasta,
869 2032 932 2072 καὶ
963 2031 1036 2082 ἔξω
1069 2034 1135 2082 τῆς
1165 2032 1373 2080 θαλάσσης
1402 2034 1495 2074 ὅσαι
1525 2035 1604 2075 εἰσὶ

136 2099 380 2153 μεσήπειροι.

195 2167 292 2221 873.
323 2166 568 2218 ἐληλαμέναι
590 2167 680 2219 περὶ
709 2166 875 2221 πύργον]
908 2166 962 2206 Id
993 2175 1054 2207 est
1084 2166 1417 2219 περιεληλαμέναι
1439 2168 1601 2221 πύργον.

135 2238 217 2277 τοῖς
237 2235 388 2288 τείχεσι
410 2234 699 2286 κεκυκλωμέναι
718 2234 897 2290 explicat
918 2233 1148 2285 scholiasta,
1163 2235 1382 2288 ὑψίπυργοι
1401 2234 1603 2290 glossator

136 2301 287 2343 codicis
307 2303 357 2343 C.
388 2301 632 2353 ἐληλαμέναι
652 2302 811 2357 primus
832 2301 993 2357 scripsit
1016 2301 1183 2357 Steph.:
1217 2313 1601 2359 proparoxytonum

137 2369 382 2421 ἐληλάμεναι
411 2378 472 2409 est
501 2368 542 2409 in
565 2368 667 2409 Ald.
690 2370 802 2410 Rob.
826 2369 965 2409 Turn.
997 2384 1049 2409 ex
1078 2379 1288 2425 praecepto
1316 2370 1604 2425 grammatico-

135 2450 246 2485 rum,
268 2435 321 2476 de
350 2450 436 2490 quo
460 2450 499 2475 v.
522 2435 576 2476 L.
595 2435 863 2476 Dindorfium
894 2435 937 2475 in
969 2435 1191 2476 Thesauro
1223 2436 1424 2490 Stephani
1454 2437 1536 2478 vol.
1560 2451 1604 2492 3.

135 2518 179 2559 p.
201 2503 300 2544 682.

193 2570 289 2624 875.
310 2567 342 2609 τ’
364 2568 554 2610 additum
577 2584 628 2610 ex
652 2568 785 2610 Paris.
809 2583 894 2610 uno
914 2578 955 2610 et
976 2569 1121 2610 Guelf.

185 2636 345 2680 Ἕλλας
373 2635 404 2678 τ’
438 2636 540 2689 ἀμφὶ
566 2638 690 2689 πόρον
713 2636 886 2692 πλατὺν]
911 2636 1086 2677 Homeri
1108 2636 1234 2678 verba
1255 2637 1320 2678 ἐπὶ
1338 2642 1484 2679 πλατεῖ
1505 2637 1601 2679 Ἑλ-

135 2706 347 2760 λησπόντῳ
368 2703 624 2761 comparavit
645 2704 876 2746 scholiasta.

194 2772 405 2826 εὐχόμεναι
425 2772 554 2813 Α.Μ.
576 2781 617 2812 et
643 2772 844 2813 Cantabr.
874 2773 1093 2814 secundus
1128 2774 1315 2826 ἐχόμεναι
1336 2772 1439 2813 Ald.
1462 2774 1603 2815 Turn.

138 2840 350 2893 ἐρχόμεναι
381 2839 578 2880 Cantabr.
612 2838 773 2895 primus
804 2847 847 2880 et
877 2856 941 2892 γρ.
977 2839 1027 2879 Β.
1065 2839 1283 2893 αὗχόμεναι
1316 2840 1422 2882 B.C.
1457 2840 1603 2882 Guelf.

138 2906 249 2948 Rob.
280 2907 498 2961 ἀρχόμεναι
518 2905 803 2948 Blomfieldus.

196 2973 292 3026 877.
324 2974 447 3027 μυχία
467 2990 509 3015 τε
529 2974 770 3028 Προποντίς]
792 2974 1067 3030 Propontidis
1089 2987 1287 3026 recessus,
1306 2977 1480 3018 sinuosa
1499 2978 1606 3019 Pro-
