1898 3256
352 228 435 272 198
574 235 576 237 ’
824 231 1320 274 ANNOTATIONES

349 338 619 380 monitum-in
647 339 807 381 scholiis
834 350 906 382 est.
965 341 1095 389 Σᾶκει,
1125 344 1302 397 κυκλωτῷ
1333 342 1510 393 σώματος
1536 343 1783 394 προβλήματι

350 403 454 445 dixit
475 419 514 444 v.
533 415 633 458 540.

406 471 503 524 678.
533 472 584 525 τῷ
615 471 758 513 κάκιστ’
789 474 1010 528 αὐδωμένῳ]
1042 474 1172 514 Recte
1201 473 1324 514 schol.
1355 476 1406 528 τῷ
1435 473 1780 530 βλασφημουμένῳ

348 537 422 578 ὑπὸ
453 541 536 578 σοῦ.
568 559 570 561 ·
596 539 652 578 In
680 553 798 594 quem
828 546 874 580 tu
903 540 1020 580 modo
1049 540 1300 580 vehementer
1332 541 1516 581 invectus
1545 554 1600 580 es.
1632 540 1779 596 Eurip.

351 604 523 660 Hippol.
546 605 642 660 583.
664 606 788 646 αὐδῶν
809 608 916 646 δεινὰ
934 608 1165 658 πρόσπολον
1185 607 1295 647 κακά.
1319 607 1490 648 Grotius
1511 622 1619 656 vero,
1640 608 1781 648 clami-

349 672 456 711 tanti
476 671 584 711 dira.
618 671 846 712 BLOMF.

406 737 502 778 682.
523 738 661 793 γῆρας]
684 737 805 789 πέρας
823 737 944 778 codd.
966 738 1148 778 nonnulli
1168 747 1209 779 et
1228 739 1330 779 Ald.

404 804 500 857 683.
530 803 657 857 φέρει]
686 804 800 856 φέροι
829 804 971 859 Steph.
991 805 1349 856 consentientibus,
1370 815 1418 846 ut
1437 806 1614 855 videtur,
1635 806 1779 847 codici-

347 869 426 910 bus
454 869 679 924 plerisque:
713 884 804 910 nam
836 870 960 922 φέρει,
993 871 1105 926 quod
1134 871 1284 913 habent
1305 872 1404 913 Ald.
1430 873 1540 913 Rob.
1564 874 1698 914 Turn.
1728 889 1779 914 ex

347 946 543 991 quattuor
557 945 714 976 tantum
732 937 938 978 codicibus
950 938 1218 979 deterioribus
1231 948 1482 980 annotatum.
1516 941 1687 981 Comma
1698 955 1779 981 non

345 1002 388 1042 in
408 1003 488 1042 fine
507 1017 647 1043 versus
666 1012 726 1043 est
744 1003 998 1058 ponendum,
1019 1004 1090 1044 sed
1109 1014 1201 1059 post
1219 1004 1342 1057 φέρει.
1402 1007 1461 1046 Et
1479 1005 1534 1046 sic
1553 1006 1778 1056 scholiasta,

346 1070 383 1113 ,εἰ
401 1070 503 1111 ὅλως
521 1085 579 1111 τις
595 1069 740 1121 ἀτυχεῖ,
759 1070 880 1110 καλὸν
894 1070 938 1110 τὸ
957 1073 1048 1124 δίχα
1067 1073 1266 1124 αἰσχύνης.
1295 1072 1408 1112 τοῦτό
1428 1077 1538 1123 φησι,
1555 1072 1599 1112 τὸ
1615 1073 1780 1115 εὐκλεῶς

348 1136 561 1176 ἀποθανεῖν
587 1138 650 1176 διὰ
673 1136 716 1176 τὸ
741 1140 952 1189 τιμωρῆσαι
971 1138 1058 1180 τοὺς
1077 1139 1248 1191 ἐχθρούς.
1285 1139 1307 1178 ὀ
1325 1139 1400 1190 γὰρ
1421 1139 1575 1190 ἀντικρὺ
1595 1140 1657 1179 καὶ
1676 1140 1779 1179 ἀντι-

346 1203 556 1253 πρόσωπον
571 1206 646 1242 τῶν
665 1204 863 1253 πολεμίων
883 1203 1162 1254 ἀνθιστάμενος
1181 1205 1243 1244 καὶ
1264 1205 1629 1256 ἆντιπαλαμώμενος
1649 1205 1710 1245 καὶ
1728 1205 1780 1256 μὴ

347 1266 614 1320 ἀντιστρέψας
626 1268 688 1307 καὶ
704 1272 806 1308 νῶτα
818 1269 940 1311 διδοὺς
951 1273 1031 1312 τοῖς
1043 1271 1210 1322 ἐχθροῖς,
1226 1272 1384 1316 ἐκεῖνος,
1402 1271 1511 1322 φημὶ,
1528 1271 1598 1311 τὸν
1610 1271 1779 1312 θάνατον

348 1332 566 1386 ἐπιδέχεται
586 1334 744 1385 ἐντίμως
765 1335 827 1374 καὶ
848 1334 1011 1378 εὐκλεῶς
1031 1336 1093 1376 καὶ
1112 1337 1173 1376 ἀεὶ
1193 1338 1406 1378 ἐπαινεῖται
1426 1338 1488 1377 καὶ
1506 1338 1763 1389 μακαρίζεται.

403 1399 500 1449 684.
525 1400 586 1453 ἐν]
608 1399 651 1440 ἓν
670 1399 854 1454 quinque
873 1400 1041 1442 codices.

404 1465 500 1518 685.
523 1465 719 1519 κᾴσχρῶν]
748 1467 944 1519 καίσχρῶν
965 1468 1100 1523 vulgo.

404 1532 921 1586 686-688=692-694.
944 1534 1095 1575 Versus
1113 1534 1154 1575 in
1175 1534 1278 1577 Ald.
1301 1534 1356 1575 sic
1383 1534 1499 1576 divisi
1527 1536 1620 1576 τί-
1644 1534 1652 1590 Ι
1677 1537 1777 1587 δορί-

345 1615 547 1650 μαργος-
572 1598 579 1654 Ι
606 1603 790 1639 κακοΰ-.
825 1609 867 1639 et
900 1599 941 1639 in
981 1601 1236 1656 antistropho
1265 1600 1519 1652 ὠμοδακής-
1543 1600 1550 1656 Ι
1575 1602 1778 1653 πικρόκαρ-

346 1681 479 1704 πον-
502 1665 508 1715 Ι
534 1666 693 1716 αἵματος
705 1690 760 1695 -
775 1695 784 1705 .

404 1732 499 1770 686.
523 1732 618 1783 687.
643 1732 739 1784 692.
762 1733 857 1785 693.
880 1733 1118 1785 698—700.
1143 1744 1378 1787 705—707.
1411 1734 1478 1773 De
1502 1733 1564 1773 his
1582 1732 1780 1774 dochmiis

346 1796 502 1837 dictum
523 1797 562 1836 in
584 1797 843 1838 annotatione
863 1798 915 1838 ad
936 1814 976 1838 v.
999 1811 1095 1853 203.

403 1862 500 1902 686.
522 1863 578 1917 τί]
600 1864 636 1904 τὶ
655 1864 716 1903 καὶ
736 1864 848 1904 Rob.
871 1864 980 1904 unde
1001 1866 1062 1905 καὶ
1084 1866 1304 1914 Porsonus,
1325 1864 1458 1905 deleto
1478 1865 1526 1905 τί.

401 1929 590 1983 μέμονας]
610 1929 782 1981 μέμηνας
804 1930 901 1972 Ald.
924 1931 1060 1971 Turn.
1083 1931 1226 1986 Steph.
1247 1940 1289 1971 et.
1306 1931 1426 1971 codd.
1448 1930 1632 1986 plerique
1657 1925 1776 1982 μέμὸ-

345 2012 416 2037 νας
439 1996 501 2035 Μ.

401 2060 457 2113 τί]
479 2062 535 2102 τίς
556 2062 622 2101 Μ.
641 2060 791 2116 aliique
813 2062 996 2103 nonnulli
1016 2077 1056 2104 et
1079 2064 1222 2118 Steph.

400 2126 666 2181 θυμοπληθὴς]
689 2127 885 2168 Animum
908 2130 1089 2184 explens,
1110 2130 1136 2169 i.
1155 2145 1192 2169 e.
1214 2129 1314 2169 iram
1336 2129 1496 2170 satians.
1528 2129 1757 2169 BLOMF.

348 2241 351 2244 y
399 2192 493 2244 687.
515 2193 744 2244 δορίμαργος
769 2194 857 2248 ἄτα]
880 2194 995 2235 Libri
1018 2195 1173 2250 aliquot
1193 2197 1430 2247 δορύμαργος
1449 2206 1489 2235 et
1509 2196 1592 2245 ἄτη.
1626 2199 1651 2217 “
1672 2197 1773 2247 δορί-

343 2274 489 2310 μαργος
519 2259 605 2305 ἄτα,
636 2259 755 2299 hasta
768 2261 934 2313 fici-ens
964 2275 1087 2310 noxa,
1117 2261 1144 2301 i.
1165 2277 1200 2301 e.
1230 2261 1453 2316 perniciosa
1483 2269 1524 2301 et
1554 2260 1779 2301 furibunda

344 2325 556 2379 pugnandi
577 2325 817 2380 cupiditas.''
850 2328 980 2367 SCH.

401 2392 498 2432 688.
532 2395 647 2432 κακοῦ
669 2392 699 2432 δ’
723 2393 859 2443 ἔκβαλ’
883 2394 1021 2445 ἔρωτος
1043 2394 1188 2449 ἀρχάν]
1223 2393 1379 2435 Suadet
1408 2394 1555 2435 chorus
1586 2405 1631 2433 ut
1662 2392 1779 2434 nlalae

344 2458 581 2514 cupiditatis
600 2458 807 2514 principiis
827 2460 971 2500 obstet.
1005 2462 1135 2501 SCH.

399 2525 493 2577 689.
530 2525 729 2575 Eteocles,
764 2526 883 2581 cujus
915 2527 1051 2567 animo
1084 2526 1212 2582 patris
1242 2526 1342 2566 dirae
1375 2525 1656 2574 obversantur,
1689 2525 1776 2580 jam

344 2600 505 2646 tempus
524 2591 673 2632 instare
691 2602 816 2642 ratus,
837 2608 921 2647 quo
950 2592 1029 2633 illae
1058 2593 1211 2633 exitum
1241 2593 1322 2633 sint
1350 2591 1566 2640 habiturae,
1587 2591 1684 2635 vitae
1709 2591 1778 2631 de-

344 2657 570 2710 speratione
590 2658 758 2698 affectus
780 2658 1022 2714 respondet:
1056 2658 1320 2699 ἐπεὶ-Λαΐου
1343 2657 1469 2710 γένος.
1515 2658 1778 2712 Quandoqui-

343 2724 432 2763 dem
453 2724 524 2763 hoc
542 2724 750 2779 negotium
776 2724 1001 2777 (interitum
1025 2725 1227 2776 nostrum)
1251 2724 1501 2765 vehementer
1521 2729 1645 2778 urget
1663 2724 1777 2772 deus,

342 2791 587 2840 universum
603 2804 703 2830 sane
722 2791 823 2831 Laii
845 2804 984 2846 genus
1004 2791 1155 2831 Phoebo
1174 2805 1340 2831 eoeo-s‘um
1359 2791 1536 2830 secundo
1556 2795 1675 2830 vento
1699 2803 1776 2844 per

346 2857 488 2911 Cocyti
502 2858 667 2911 fluctus
686 2858 868 2913 naviget.
890 2859 1027 2911 Φοίβῳ
1048 2859 1240 2909 στυγηθὲν
1260 2855 1420 2911 respicit
1439 2855 1649 2897 oraculum
1670 2855 1775 2896 illud
