1898 3256
322 221 404 260 2023
789 221 1283 262 ANNOTATIONES

379 329 570 384 ἐπινωμᾷ]
593 332 787 382 ἐπινωμᾶν
807 332 929 372 L.M.

379 405 472 450 729.
496 395 702 452 Χάλυβος]
723 397 848 438 Metri
869 412 1010 438 caussa
1027 412 1104 452 pro
1123 396 1273 449 Χάλυψ
1292 396 1465 436 dictum:
1498 409 1592 450 quae
1609 395 1754 435 usitata

321 461 495 502 nominis
519 462 650 503 forma
677 473 751 505 est.
811 463 1030 505 Genitivus
1050 462 1238 514 Χάλυβος
1265 461 1415 517 legitur
1435 461 1645 502 Prometh.
1664 474 1754 516 132.

321 529 547 579 Χαλύβοισι
567 544 615 569 ex
635 530 833 571 Hecataeo
852 530 963 585 apud
982 529 1123 584 Steph.
1140 530 1243 584 Byz.
1261 538 1301 569 et
1317 543 1365 569 ex
1383 528 1532 584 Eurip.
1547 528 1643 569 Alc.
1660 528 1753 583 980.

321 593 512 636 indicavit
534 596 799 637 Abreschius.

379 673 471 715 730.
494 663 667 716 σίδαρος]
692 666 845 716 σίδηρος
869 662 1010 704 Guelf.
1032 661 1131 702 Ald.
1153 663 1286 702 Turn.

381 738 474 782 732.
496 729 664 784 ὁπόσαν]
686 731 836 780 ὁπόσην
856 729 958 770 Ald.
981 730 1113 770 Turn.

379 795 440 834 καὶ
462 795 525 834 Μ.
547 793 707 850 aliique.
740 795 789 836 ἂν
810 796 871 836 καὶ
890 795 984 836 edd.
1005 805 1098 836 ante
1120 794 1389 835 Brunckium.

380 872 473 914 734.
494 861 743 915 αὐτοκτόνως]
765 862 873 902 αὐτοὶ
892 862 1084 902 κτάνωσιν
1107 860 1186 914 (vel
1208 861 1390 914 κτάνωσι)
1409 876 1459 902 ex
1477 862 1543 901 M.
1560 871 1600 901 et
1619 861 1754 901 decem

320 927 407 967 aliis
436 926 554 967 codd.
585 937 849 968 annotatum:
888 938 929 968 et
958 928 1014 968 sic
1043 927 1144 968 Ald.
1178 929 1312 968 Turn.
1348 928 1488 984 Steph.
1522 929 1758 970 αὐτοκτόνως

320 994 477 1049 primus
497 993 625 1034 edidit
646 994 753 1035 Rob.
774 1004 816 1035 et
836 994 941 1034 inter
962 994 1090 1034 varias
1111 993 1299 1035 lectiones
1319 1005 1514 1035 memorat
1537 996 1672 1035 Turn.

380 1061 473 1114 736.
497 1062 558 1101 καὶ
579 1061 734 1116 χθονία]
757 1061 902 1102 Lectio
922 1071 1129 1116 suspecta:
1164 1075 1255 1101 nam
1276 1061 1316 1100 in
1338 1061 1592 1116 antistropho
1605 1077 1644 1101 v.
1663 1070 1756 1113 744.

320 1127 487 1183 dipodia
506 1127 678 1168 iambica
697 1136 758 1168 est
779 1130 900 1169 αἰῶνα
921 1126 950 1168 δ’
975 1130 1026 1171 ε’ς.

379 1207 473 1250 737.
496 1198 749 1249 μελαμπαγὲς
771 1197 864 1247 αῗμα
884 1196 1055 1250 φοίνιον]
1079 1196 1262 1235 Metrum
1285 1219 1312 1234 υ
1331 1193 1360 1224 -’
1378 1218 1407 1225 -
1432 1193 1438 1249 Ι
1463 1215 1489 1233 0
1508 1192 1535 1223 -'-
1553 1219 1579 1233 υ
1599 1218 1627 1223 —-
1646 1217 1673 1233 υ
1692 1218 1721 1223 -

378 1264 548 1318 φοίνιον]
570 1265 711 1315 φόνιον
730 1263 849 1304 codd.
869 1262 1067 1303 nonnulli.

380 1330 473 1384 738.
496 1329 731 1384 καθαρμοὺς]
755 1330 950 1382 καθαρμὸν
970 1329 1124 1384 aliquot
1146 1328 1264 1369 codd.
1286 1327 1391 1368 inter
1410 1342 1514 1382 quos
1535 1327 1601 1366 M.

380 1408 474 1448 740.
508 1409 603 1450 741.
633 1397 672 1436 in
707 1411 833 1436 unum
866 1411 1026 1436 versum
1058 1394 1333 1450 conjungendi
1363 1403 1403 1434 et
1432 1393 1472 1433 in
1504 1393 1760 1448 antistroplio

324 1464 416 1516 748-
442 1474 535 1518 749·

379 1542 473 1581 740.
495 1535 699 1571 παλαιοῖσι
719 1531 935 1584 συμμιγεῖς]
956 1534 1138 1572 παλαιοῖς
1158 1532 1356 1581 ξυμμιγεΐς
1375 1526 1494 1567 codd.
1516 1525 1699 1567 nonnulli
1719 1536 1759 1565 et

322 1596 417 1637 edd.
441 1606 608 1637 veteres.

380 1675 475 1718 743.
496 1665 726 1715 παρβασίαν
747 1664 968 1703 Porsonus.
991 1663 1261 1714 παραιβασίαν
1280 1660 1372 1702 edd.
1391 1667 1487 1701 vett.
1509 1659 1761 1712 παραβασίαν

326 1731 389 1770 Μ.
414 1731 491 1770 Ar.
539 1736 564 1754 ‘⁶
587 1730 639 1770 In
662 1729 808 1785 Suppl.
828 1741 948 1783 1043.
970 1728 1122 1784 optime
1142 1727 1317 1769 correxit
1338 1726 1543 1768 Burneius
1561 1725 1762 1778 πάρβατος

324 1811 401 1852 pro
421 1797 660 1849 παράβατος.
706 1797 758 1836 In
781 1797 961 1836 Eumen.
983 1796 1082 1850 548.
1103 1795 1172 1836 τὸν
1192 1796 1425 1846 ἀντίτολμον
1445 1793 1487 1834 δέ
1507 1799 1607 1845 φαμι
1625 1809 1762 1844 παραι-

323 1865 464 1915 βάδαν.
490 1864 704 1905 manifesto
730 1863 947 1919 legendum
979 1863 1199 1916 παρβάταν,
1224 1877 1318 1904 cum
1347 1863 1388 1902 in
1418 1860 1673 1916 antistropha
1702 1875 1763 1901 re-

325 1931 538 1987 spondeat,
559 1932 628 1972 τὸν
648 1930 777 1972 οὔποτ’
799 1929 977 1983 αὐχοῦντ’
1006 1930 1096 1971 ἰδὼν
1124 1930 1349 1983 ἀμαχάνοις.
1409 1928 1570 1969 Atticos
1600 1929 1759 1980 κατφθί-

324 2015 439 2049 μενος
458 1998 522 2038 vel
550 1999 815 2050 καπφθίμενος
840 1996 990 2037 dixisse
1020 1996 1114 2037 satis
1142 2004 1326 2037 constare
1355 2011 1404 2036 ex
1436 1995 1583 2050 Eurip.
1617 1994 1761 2050 Suppl.

327 2066 422 2119 984.
454 2065 746 2118 Electr.1299.
778 2064 905 2105 Rhes.
928 2066 1023 2118 378.
1055 2075 1193 2104 monet
1222 2062 1443 2103 Elmsleius
1471 2061 1523 2102 ad
1547 2060 1760 2116 Aristoph.

308 2131 510 2171 'Acharm
536 2142 632 2185 733.
691 2130 907 2179 Dicebant,
929 2129 1064 2180 credo,
1086 2131 1350 2181 καπφθίμενος
1369 2143 1461 2169 cum
1483 2127 1760 2168 AEolensibus.

328 2198 504 2254 Trypho
525 2199 622 2238 MS.
645 2198 743 2249 Περὶ
760 2200 917 2238 Παθῶν.
949 2196 1125 2237 Αἰολέων
1145 2197 1188 2236 δὲ
1207 2195 1251 2235 τὸ
1273 2195 1394 2238 πάθος
1418 2195 1647 2248 (συγκοπή)·
1679 2195 1763 2235 οἷον

328 2266 538 2317 κακόμορος
569 2265 770 2316 κάμμορος·
802 2265 1010 2306 δασύσκιος
1040 2263 1195 2306 δάσκιος
1218 2262 1438 2315 (δάσσκιος)
1460 2264 1511 2305 ὡς
1537 2261 1623 2314 παρ’
1651 2261 1761 2302 Ἐπι-

326 2331 461 2385 χάρμῳ
490 2332 533 2371 τὸ
565 2334 761 2371 κατθεῖναι
791 2331 876 2371 ἀντὶ
905 2334 972 2370 τοῦ
1003 2333 1237 2371 καταθεῖναι.
1273 2331 1335 2370 διὰ
1365 2328 1408 2369 τὸ
1439 2330 1666 2381 κακόφωνον
1696 2329 1764 2369 οὐκ

327 2398 518 2449 ἤλλακται
537 2400 581 2438 τὸ
602 2414 636 2438 τ.
659 2398 721 2438 καὶ
740 2398 784 2437 τὸ
805 2396 1045 2449 καπφάλαρα
1063 2397 1149 2437 ἀντὶ
1177 2400 1245 2437 τοῦ
1276 2395 1547 2448 καταφάλαρα.
1570 2395 1636 2436 Cf.
1658 2396 1762 2436 Lex.

330 2465 438 2506 Bibl.
455 2465 619 2506 Coislin.
637 2481 677 2521 p.
697 2475 790 2520 235.
827 2468 1012 2505 κατθεΐσα
1031 2463 1186 2505 calculo
1206 2478 1280 2503 suo
1297 2463 1536 2519 comprobat
1557 2464 1765 2503 Porsonus

328 2532 379 2572 ad
401 2531 549 2587 Eurip.
574 2532 738 2573 Hecub.
758 2545 858 2586 559.
893 2532 944 2571 In
967 2531 1114 2587 Eurip.
1132 2532 1284 2571 Electr.
1300 2530 1393 2584 887.
1415 2545 1490 2586 pro
1506 2529 1627 2580 Δέξαι
1648 2531 1765 2581 κόμης

329 2601 400 2649 σῆς
417 2600 652 2651 βοστρύχων
672 2598 910 2649 ἀναδήματα,
933 2597 1139 2638 Burneius
1159 2596 1377 2650 ἀγάλματα.
1418 2597 1534 2651 Lege
1554 2596 1761 2648 ἀνδήματα.

331 2680 367 2704 ν.
388 2665 480 2705 860.
498 2665 680 2720 ejusdem
696 2663 849 2705 fabulae
869 2674 1044 2704 metrum
1065 2663 1246 2719 postulat
1266 2664 1474 2716 ἆμπτυχαὶ,
1495 2674 1536 2703 et
1556 2663 1596 2703 in
1614 2679 1653 2704 v.
1665 2676 1762 2718 319.

329 2732 455 2772 nostri
478 2733 533 2771 Su
541 2732 625 2787 ppl.
647 2730 855 2786 ἀνστήσῃς.
889 2730 940 2770 In
958 2731 1122 2771 Hecub.
1143 2740 1263 2785 1245.
1287 2729 1458 2781 ἀμβήσει
1473 2744 1626 2771 omnes.
1658 2731 1762 2770 Lex.

331 2798 521 2853 Sophocl.
536 2797 724 2851 Ἀγχαζε,
747 2798 833 2838 ἀντὶ
845 2800 912 2837 τοῦ
930 2799 1133 2850 ἀναχώρει.
1160 2799 1257 2838 οὕτω
1273 2799 1488 2849 Σοφοκλῆς.
1523 2796 1623 2836 Vide
1643 2797 1762 2836 etiam

330 2865 453 2919 hujus
472 2865 624 2905 fabulae
647 2880 711 2904 vv.
732 2866 830 2915 462.
851 2875 946 2918 531.
969 2876 1064 2918 703.
1093 2863 1301 2904 Prometh.
1322 2865 1418 2915 466.
1443 2872 1538 2917 732.
1561 2866 1619 2915 (et
1646 2862 1766 2918 plura

329 2932 417 2973 loca
449 2931 517 2972 ubi
548 2932 693 2980 ἀντολὴ
724 2930 946 2984 scribitur.)
979 2932 1092 2972 Pers.
1116 2931 1203 2971 168.
1224 2931 1321 2984 578.
1352 2930 1502 2985 Agam.
1525 2931 1619 2983 306.
1645 2931 1762 2982 1603.
