1898 3256
675 252 766 293 AD
797 251 1048 293 PERSAS.
1513 251 1601 294 277

188 375 288 419 509.
307 363 440 423 μόγις]
461 363 576 416 μόλις
597 364 742 406 Guelf.
763 363 867 406 Ald.
889 364 1004 406 Rob.

189 443 288 487 515.
309 433 410 487 516.
431 431 543 489 ΧΟ.]
575 433 742 475 Atossae
770 432 847 474 hos
866 447 1010 474 versus
1038 430 1166 473 tribui
1188 430 1279 473 vult
1300 430 1603 473 Lachmannus

132 498 174 540 in
195 499 301 545 libro
319 499 373 542 de
392 515 586 541 mensura
607 500 783 557 tragoed.
803 515 846 557 p.
869 509 936 554 17.
958 508 1084 550 recte,
1107 508 1153 540 ut
1174 499 1334 555 opinor.

188 569 290 623 516.
312 568 500 624 ἐνήλλου]
521 570 667 620 ἐνήλου
685 568 807 611 codd.
831 567 951 610 multi
971 578 1014 609 et
1034 568 1171 608 Turn.

189 646 288 690 517.
321 636 360 677 οἲ
386 636 458 690 ’γὼ
486 639 711 679 Porsonus.
756 636 794 678 οἲ
825 638 902 691 ἐγὼ
934 636 1042 686 libri,
1064 634 1139 676 nisi
1169 634 1285 690 quod
1315 633 1356 675 αἲ
1386 635 1464 687 ἐγὼ
1495 633 1599 675 Ald.

135 704 273 745 Turn.

191 774 535 827 διαπεπραγμένου
553 774 743 829 στρατοῦ]
774 774 882 815 Haec
903 771 1028 814 verba
1047 787 1097 812 ex
1122 772 1288 828 Septem
1310 769 1406 811 adv.
1428 769 1602 811 'Thebas

133 839 232 882 citat
254 841 408 882 Thom.
432 843 497 883 M.
519 858 559 897 p.
579 854 676 897 219.

189 907 288 962 518.
311 908 506 962 ἐμφανὴς]
529 907 704 962 ἐκφανὴς
726 908 868 963 Mosq.

190 986 290 1030 520.
311 974 411 1030 αὕτ’]
431 974 512 1017 αὖτ’
538 975 650 1040 Ald3
661 975 774 1017 Rob.
806 974 911 1017 ταῦτ’
933 974 1093 1032 aliquot
1113 975 1235 1017 codd.

190 1044 288 1098 526.
309 1043 444 1099 πέλοι]
464 1043 581 1085 πέλει
602 1044 703 1084 Ven.
726 1059 803 1085 sec.
826 1053 867 1085 et
887 1043 991 1085 Ald.
1012 1044 1125 1085 Rob.

190 1121 290 1166 527.
310 1113 428 1169 ὑμᾶς]
450 1114 541 1164 ὑμῖν
561 1112 673 1153 Rob.
703 1113 805 1164 ἡμᾶς
825 1112 890 1153 Μ.

190 1180 293 1234 528.
325 1184 501 1221 πιστοῖσι
520 1182 643 1221 πιστὰ
662 1181 779 1221 Α.Β.
823 1183 978 1222 πιστοῖς
1006 1181 1128 1220 πιστὰ
1150 1179 1215 1220 Μ.
1237 1186 1278 1220 et
1299 1188 1383 1220 tres
1410 1178 1493 1220 alii.
1535 1196 1600 1221 πι-

136 1251 245 1290 στοῖς
264 1249 313 1288 τὰ
331 1250 454 1289 πιστὰ
475 1247 578 1290 Ald.
608 1252 762 1291 πιστοῖς
780 1264 829 1302 γε
848 1249 968 1288 πιστὰ
990 1248 1127 1288 Turn.
1151 1247 1262 1288 Rob.

193 1314 428 1370 συμφέρειν]
448 1315 587 1368 φέρειν
607 1314 711 1356 Ald.

191 1394 291 1438 531.
320 1382 372 1434 μή
393 1384 463 1424 καί
476 1383 530 1438 τι]
551 1384 603 1424 In
624 1382 761 1435 μηκέτι
789 1391 1034 1438 corruptum
1059 1381 1101 1423 in
1131 1383 1198 1423 M.
1220 1381 1394 1439 aliisque
1424 1382 1605 1424 nonnul—

135 1448 207 1491 lis:
241 1450 353 1491 unde
381 1450 556 1492 aliorum
586 1450 784 1492 librorum
812 1449 1076 1506 quorundam
1107 1451 1356 1507 corruptelae
1384 1451 1438 1503 μὴ
1468 1450 1499 1492 κ’
1531 1451 1602 1500 ἔτι,

135 1518 220 1571 μήδ’
243 1519 313 1566 ἔτι,
337 1519 399 1560 καὶ
417 1519 521 1570 μήτι.

193 1586 427 1641 προσθῆται]
456 1588 675 1640 πρόσθηται
694 1585 836 1642 vulgo.
880 1586 1079 1638 πρόσθητε
1110 1585 1177 1625 M.
1201 1585 1354 1642 aliique
1377 1601 1474 1628 cum
1499 1585 1603 1628 Ald.

136 1653 246 1695 Rob.

193 1732 295 1777 532.
327 1723 357 1762 ὦ
387 1724 465 1763 Ζεῦ
492 1723 678 1773 βασιλεῦ,
701 1724 771 1762 νῦν
787 1722 976 1776 Περσῶν]
1012 1721 1186 1762 Excidit
1206 1737 1258 1763 ex
1278 1722 1358 1763 hoc
1378 1737 1499 1764 versu
1522 1723 1606 1778 syl-

136 1789 232 1835 laba
261 1805 358 1840 una,
390 1804 516 1846 quam
549 1790 686 1829 Turn.
717 1787 907 1844 imperite
934 1787 1156 1844 supplevit,
1187 1788 1279 1830 ἀλλ’
1308 1788 1411 1830 ὦ-.
1470 1790 1605 1830 Recte

140 1857 387 1900 Schuetzius
406 1859 481 1911 μὲν
500 1867 594 1913 post
615 1860 686 1898 νῦν
704 1855 881 1897 inserere
902 1855 1079 1896 videtur.

195 1936 295 1981 535.
326 1925 606 1979 Ἐκβατάνων]
638 1923 901 1977 Ἐγβατάνων
923 1924 988 1964 Μ.
1034 1923 1311 1965 Scribendum
1337 1923 1606 1978 Ἀγβατάνων

139 2009 234 2036 cum
256 1992 484 2035 Brunckio.
515 1993 566 2033 V.
586 1991 640 2033 ad
663 2007 700 2032 V.
721 1992 785 2032 16.

195 2063 295 2117 536.
326 2059 529 2116 δνοφερῷ]
560 2063 768 2114 γνοφερῶν
798 2059 884 2101 duo
913 2059 1036 2101 codd.
1082 2062 1261 2115 στυγερῷ
1295 2069 1379 2101 tres
1410 2060 1533 2102 codd.
1563 2069 1607 2102 et

194 2208 296 2254 537.
325 2197 518 2254 ἁπαλαῖς]
543 2195 816 2238 Scribendum
838 2197 1004 2240 ἀταλαῖς
1026 2211 1078 2237 ex
1100 2196 1212 2237 Rob.
1235 2201 1265 2220 “
1282 2195 1445 2237 Eadem
1467 2195 1608 2237 lectio-

140 2265 204 2308 nis
220 2265 436 2307 diversitas
453 2281 522 2322 ap.
545 2266 675 2306 Hom.
697 2263 750 2305 Il.
770 2268 820 2316 T,
845 2265 966 2308 222.''
996 2264 1232 2306 BLOMF.

196 2335 296 2390 538.
315 2346 415 2390 539.
444 2336 695 2390 Anapaestos
714 2333 867 2374 rectius
882 2332 1020 2374 divisit
1042 2331 1316 2373 Blomfieldus
1337 2332 1608 2385 κατερεικόμε-

142 2419 207 2444 ναι
231 2402 238 2459 Ι
265 2403 594 2455 διαμυδαλέοις-
617 2400 625 2458 Ι
650 2399 907 2454 τέγγουσ’-.

198 2471 298 2526 538.
338 2468 673 2525 κατερεικόμεναι]
711 2469 765 2509 In
801 2467 942 2509 codice
975 2466 1260 2522 Vitebergensi
1301 2466 1491 2507 additum
1529 2476 1607 2517 est,

142 2547 246 2580 teste
267 2538 512 2578 Hermanno
532 2536 706 2592 [Opusc.
730 2535 812 2577 vol.
835 2548 874 2577 2.
907 2550 950 2591 p.
972 2535 996 2575 8
999 2534 1059 2590 5.]
1077 2534 1232 2587 μαγνάὸ
1263 2543 1357 2590 post
1388 2535 1608 2586 κατερεικό-

142 2623 272 2658 μεναι,
292 2604 405 2646 unde
423 2603 648 2661 exsculpsit
666 2603 736 2644 ille
754 2607 868 2656 μαῖαι
885 2602 1066 2656 γονάδες.
1098 2610 1124 2623 “
1137 2607 1236 2654 μαῖα
1250 2601 1358 2642 enim
1377 2601 1607 2642 secundum

144 2672 406 2730 Hesychium
428 2671 572 2713 matris
595 2671 821 2712 honorifica
850 2669 1076 2727 appellatio
1095 2679 1169 2710 est.
1222 2669 1342 2710 Idem
1365 2669 1487 2710 etiam
1509 2669 1609 2715 alte-

142 2757 237 2783 rum
267 2740 531 2790 vocabulum,
559 2755 612 2781 ex
640 2739 720 2780 hoc
747 2738 838 2795 ipso
867 2739 1039 2780 fortasse
1067 2737 1158 2779 loco
1184 2749 1414 2794 sumptum,
1438 2746 1607 2778 tuetur:

145 2809 310 2863 γονάδες
328 2808 529 2862 μητέρες.”
574 2806 657 2848 Sed
679 2806 920 2863 Hesychius
938 2805 1038 2846 nihil
1061 2805 1198 2855 docet,
1219 2805 1294 2846 nisi
1314 2805 1429 2861 quod
1451 2815 1612 2847 veteres

146 2877 281 2919 dicere
310 2877 416 2918 soliti
448 2876 528 2918 sint
562 2879 674 2928 μαῖα,
704 2874 748 2915 in
783 2874 985 2924 vocativo,
1006 2888 1084 2930 pro
1115 2872 1146 2914 ὦ
1176 2875 1315 2926 τροφὲ,
1343 2873 1424 2925 vel,
1455 2884 1503 2915 ut
1533 2889 1611 2916 nos

148 2944 280 3001 Angli
301 2943 542 2994 diceremus,
567 2943 726 2999 Goody,
746 2942 861 2998 quod
887 2957 1012 2998 quam
1044 2957 1194 2998 parum
1223 2941 1322 2983 huic
1350 2942 1442 2984 loco
1461 2957 1611 2984 conve-

147 3011 234 3055 niat
254 3011 355 3053 nihil
375 3027 482 3068 opus
501 3021 562 3053 cst
582 3009 774 3066 pluribus
792 3009 1021 3052 ostendere.
1068 3008 1296 3066 AElschylns
1316 3009 1386 3052 vix
1406 3009 1609 3067 posuisset
