1898 3256
356 249 447 290 AD
480 245 734 290 SEPTEM
766 243 1099 287 ADVERSUS
1132 242 1402 283 THEBAS.
1533 240 1618 284 189

206 359 308 415 568.
340 358 676 413 σωφρονέστατον
706 356 772 397 M.
809 353 1140 408 σωφρονέστερον
1170 351 1309 409 vulgo.
1342 368 1439 393 ατον
1468 365 1616 407 super-

150 426 350 483 scriptum
371 426 414 467 in
437 425 570 467 Paris.
588 423 768 466 duobus.

206 505 304 549 570.
325 505 425 549 571.
446 509 526 535 om.
549 493 718 534 Barocc.
740 501 782 533 et
803 490 907 533 Ald.

205 575 306 618 570.
352 561 619 616 Ὁμολωΐσιν]
664 559 891 602 Proetidem
932 568 1093 615 portam
1134 557 1397 614 Amphiarao
1434 556 1618 614 assignat

149 631 378 688 Euripides
400 631 550 672 Phoen.
569 642 690 671 1120.
725 629 855 671 SCH.

205 709 306 755 572.
329 699 620 753 ἀνδροφόντην]
647 698 846 754 Tydeum
868 694 995 738 caedis
1020 703 1267 751 perpetratae
1287 708 1412 735 causa
1430 692 1616 734 exsulem

150 768 293 824 Argos
312 765 561 823 confugisse,
585 780 785 808 consensu
806 774 1000 808 narratur
1019 779 1044 804 a
1063 761 1346 819 scriptoribus.
1402 762 1614 812 Quosnam

150 850 249 876 vero
278 834 484 885 occiderit,
516 833 760 890 ambiguum
792 841 867 874 est.
928 831 1143 874 Diodorus
1174 830 1338 873 Siculus
1369 831 1616 888 Lycopeum

150 913 192 945 et
228 901 498 953 Alcathoum,
534 902 624 958 ejus
657 899 879 957 patrueles,
921 899 1119 941 nominat.
1179 898 1441 955 Apollodoro
1476 908 1617 940 autem

150 980 269 1022 teste,
289 971 477 1020 fuerunt,
499 970 573 1027 qui
600 971 734 1012 solum
756 968 1012 1011 Alcathoum
1035 967 1165 1010 OEnei
1189 967 1376 1018 fratrem,
1397 966 1481 1019 alii,
1501 967 1619 1010 velut

151 1039 450 1083 Alcmaeonidis
471 1040 660 1097 scriptor,
680 1038 754 1095 qui
775 1053 869 1080 eum
889 1036 1068 1079 Melanis
1081 1036 1187 1078 filios
1205 1037 1347 1077 OEneo
1361 1035 1618 1087 insidiantes,

151 1124 302 1166 nempe
331 1108 559 1159 Phineum,
589 1107 843 1165 Euryalum,
871 1106 1152 1164 Hyperlaum,
1175 1105 1430 1156 Antiochen,
1456 1106 1616 1146 Eume-

150 1177 246 1229 den,
270 1179 531 1234 Sternopem‚
554 1175 854 1232 Xanthippum
883 1191 932 1217 ac
965 1173 1237 1221 Sthenelum;
1270 1173 1351 1221 alii,
1383 1183 1430 1215 ut
1458 1173 1617 1214 Phere-

150 1246 292 1304 cydes,
318 1246 391 1303 qui
420 1245 556 1302 ipsum
582 1244 777 1286 Olenium
809 1243 979 1284 fratrem
1011 1257 1133 1284 suum
1164 1242 1361 1283 occidisse
1391 1242 1615 1285 traderent.

150 1316 319 1358 Rursus
347 1314 462 1371 apud
483 1313 707 1371 Hyginum
726 1312 895 1354 fratrem
918 1310 1211 1367 Menalippum
1244 1310 1286 1351 in
1309 1310 1527 1352 venatione
1551 1325 1618 1352 oc-

149 1383 296 1426 cidisse
324 1382 490 1424 dicitur.
551 1380 801 1423 Eustathius
825 1394 923 1421 vero
952 1379 1089 1430 docet,
1119 1378 1276 1430 affines,
1299 1379 1546 1436 Lycopeum
1577 1387 1620 1420 et

152 1451 423 1501 Alcathoum,
446 1465 516 1492 seu
536 1449 592 1491 ob
610 1449 779 1490 insidias
799 1449 941 1490 OEneo
961 1457 1151 1498 structas,
1164 1464 1189 1489 a
1206 1447 1359 1504 Tydeo
1378 1447 1620 1489 interemtos

150 1535 252 1571 esse,
274 1518 481 1575 simulque
501 1532 597 1559 eum
618 1516 809 1574 quamvis
827 1515 1007 1558 invitum
1023 1524 1065 1558 et
1079 1516 1388 1574 imprudentem
1404 1516 1617 1558 Melanem

152 1586 383 1645 patruelem
403 1586 612 1628 occidisse.
644 1586 779 1627 SCH.

211 1653 451 1710 ταράκτορα]
473 1653 728 1707 σπαράκτορα
748 1654 806 1694 Α.

210 1734 310 1779 574.
328 1722 508 1776 Ἐρινύος
530 1722 594 1762 Μ.
624 1720 831 1774 Ἐριννύος
852 1719 990 1776 vulgo.

210 1790 390 1844 Ἐρινύος
435 1787 626 1843 κλητῆρα]
669 1789 818 1830 Furiae
861 1794 1092 1829 vocatorem
1132 1803 1164 1829 s.
1192 1803 1440 1845 praecone-m.
1508 1789 1620 1840 Quia

156 1858 344 1915 OEdipus
362 1857 468 1899 filios
488 1872 583 1898 suos
603 1856 668 1897 his
686 1855 786 1897 diris
805 1855 1041 1905 devoverat,
1065 1865 1112 1897 ut
1137 1855 1214 1912 ipsi
1245 1857 1402 1899 mutuis
1431 1857 1619 1899 caedibus

155 1942 198 1969 se
226 1926 398 1967 invicem
430 1925 689 1975 conficerent,
711 1924 918 1979 aptissime
942 1924 1071 1980 patris
1097 1924 1183 1966 scil.
1203 1924 1356 1966 furiam
1378 1940 1622 1982 provocasse

155 1994 309 2036 dicitur
331 1993 524 2050 Tydeus,
545 1991 740 2049 quoniam
764 1991 873 2034 bello
900 1991 979 2033 isto
1005 1991 1184 2034 conflato
1209 1993 1462 2035 occasionem
1491 1994 1622 2051 patris

155 2062 267 2104 diras
286 2060 524 2119 perficiendi
544 2060 632 2118 ipse
651 2059 927 2102 arcessiverat.
962 2062 1096 2102 SCH.

212 2140 311 2186 575.
332 2129 385 2184 τ’]
410 2128 441 2171 δ’
461 2128 621 2185 aliquot
639 2128 762 2170 codd.
784 2138 826 2170 et
846 2128 950 2170 Ald.
973 2130 1111 2171 Turn.

213 2199 311 2253 576.
342 2198 589 2253 πρόσμορον]
622 2196 720 2250 πρὸς
747 2198 872 2250 μόρον
892 2196 994 2238 Ald.
1026 2198 1258 2252 προσμόραν
1285 2199 1354 2241 Μ.
1390 2198 1622 2253 πρόσπορον

157 2266 270 2308 varia
288 2265 410 2308 lectio
428 2266 472 2306 in
494 2266 546 2307 B.

213 2334 416 2388 ἀδελφεὸν
433 2333 568 2375 forma
585 2349 612 2375 a
630 2332 827 2376 trimetris
846 2333 980 2375 aliena
1006 2342 1084 2375 est.
1146 2334 1279 2376 Recte
1307 2334 1487 2388 ἀδελφὸν
1507 2334 1622 2378 Rob.

156 2418 243 2460 quo
271 2413 436 2459 recepto
462 2402 672 2444 Dobraeus
702 2411 838 2443 totum
861 2417 1027 2443 versum
1058 2411 1168 2443 recte
1198 2402 1255 2443 sic
1284 2402 1536 2453 emendavit,
1559 2402 1624 2444 καὶ

156 2471 226 2513 τὸν
246 2471 322 2512 σὸν
342 2470 422 2512 αὖτ’
445 2470 624 2523 ἀδελφὸν
645 2471 686 2513 ἐς
703 2470 851 2523 πατρὸς
868 2472 992 2523 μόρον
1018 2469 1024 2527 Ι
1052 2469 1289 2521 ἐξυπτιάζων
1310 2471 1515 2522 ὄνομα-,
1533 2471 1624 2512 alta

158 2554 252 2582 voce
269 2539 504 2580 inclamans
522 2552 668 2580 nomen
688 2539 779 2594 ejus
799 2538 849 2578 de
862 2539 1006 2593 patris
1026 2543 1168 2579 morte.

214 2608 315 2662 578.
345 2606 644 2660 ἐνδατούμενος]
668 2605 893 2647 Dividem.
923 2605 1111 2662 Hesych.
1141 2606 1436 2658 ἐνδατούμενος.
1466 2608 1621 2660 μεριζό-

159 2692 291 2728 μενος,
315 2676 377 2716 καὶ
397 2679 521 2718 κακῶς
539 2673 672 2728 λέγων
692 2677 887 2728 σφοδρῶς.
923 2673 1115 2730 Sophocl.
1139 2674 1339 2716 Trachin.
1366 2688 1461 2730 792.
1487 2677 1624 2718 πολλὰ

161 2743 192 2786 δ’
214 2745 363 2800 οἰμωγῇ
383 2747 493 2795 βοῶν
512 2742 570 2784 Τὸ
592 2741 862 2795 δυσπάρευνον
885 2741 1054 2795 λέκτρον
1076 2743 1374 2794 ἐνδατούμενος.
1397 2743 1471 2785 ubi
1498 2743 1624 2786 schol.

162 2814 261 2854 κατὰ
289 2811 406 2863 μέρος
435 2814 559 2854 κακῶς
586 2809 734 2863 λέγων.
771 2811 1020 2851 ἐνδατεῖσθαι
1049 2811 1127 2863 γὰρ
1159 2809 1205 2851 τὸ
1238 2811 1492 2863 μερίσασθαι·
1522 2812 1547 2863 ἡ
1581 2813 1627 2853 δὲ

160 2881 367 2932 μεταφορὰ
410 2878 488 2919 ἀπὸ
527 2881 606 2919 τῶν
643 2876 899 2929 δαινυμένων·
951 2879 1201 2919 ἐνδατεῖσθαι
1244 2880 1322 2931 γὰρ
1359 2878 1405 2920 τὸ
1445 2882 1628 2933 σφοδρῶς

163 2948 325 2989 ἐσθίειν.
357 2946 426 2988 Cf.
447 2944 597 2988 Elmsl.
617 2945 671 2987 ad
693 2944 796 2986 OEd.
819 2946 923 3002 Tyr.
947 2946 1039 3000 196.
1100 2946 1254 2988 Noster
1273 2945 1315 2987 in
1337 2947 1628 3004 Psychostasia

162 3030 232 3072 ap.
263 3014 398 3057 Plato.
429 3013 482 3056 de
513 3014 624 3071 Rep.
655 3026 694 3056 2.
723 3028 766 3071 p.
787 3025 885 3070 432.
915 3015 1166 3056 ἐνδατεῖσθαι
1196 3015 1387 3072 τᾶςρἐἆς
1413 3016 1628 3069 εὐπαιδίας,
