1898 3256
555 223 646 264 AD
677 221 1156 265 PROMETHEUM.
1510 217 1595 260 117

128 331 173 373 τὸ
193 332 255 374 ἀεὶ
274 334 379 385 -ὃρᾶν
407 333 456 373 τὰ
477 331 558 373 κατ’
579 332 716 383 αὐτὴν,
737 331 884 374 ὡσανεὶ
908 330 1160 383 ἆειδράστεια
1186 330 1299 371 οὖσα.
1331 327 1471 384 quoad
1503 342 1596 384 pos-

130 408 274 447 trema,
297 399 394 440 satis
413 398 605 441 absurde.
642 398 791 441 Priora
809 397 1011 440 desumsit
1029 412 1082 439 ex
1104 395 1332 438 Aristotele
1351 395 1404 437 de
1427 395 1598 437 Mundo

130 483 172 524 p.
193 477 291 521 475.
315 467 371 508 G.
407 466 525 508 Stob.
557 465 651 508 Ecl.
676 479 711 507 1.
742 481 783 522 p.
810 478 903 520 190.
935 464 999 506 ed.
1029 465 1214 506 Heeren.
1276 463 1438 505 Eadem
1470 463 1598 505 habet

131 534 349 577 scholiasta
379 533 566 575 Platonis
595 533 661 574 ed.
689 532 918 575 Ruhnken.
951 547 993 589 p.
1019 533 1114 573 161.
1144 531 1335 587 Hesych.
1364 530 1596 584 Ἀδραστία.

130 605 154 655 ἡ
175 602 363 655 Νέμεσις,
384 601 433 653 ἣν
453 602 522 643 οὐκ
543 602 593 643 ἄν
612 618 668 644 τις
689 599 965 653 ἇποδράσειεν.
1010 598 1207 640 Hermias
1235 598 1278 639 in
1305 600 1469 641 Comm.
1496 598 1597 639 MS.

129 670 174 711 in
214 669 401 711 Platonis
437 668 667 710 Phaedrum
699 667 814 722 apud
849 668 1082 708 Hermann.
1113 665 1166 707 ad
1200 666 1388 723 Orphica
1422 681 1466 723 p.
1497 667 1596 721 506.

128 736 367 791 Ἀδράστεια
398 735 628 789 κεκλημένη
650 737 713 778 διὰ
732 735 777 777 τὸ
797 737 845 777 τὰ
863 734 926 776 ὑπ’
950 735 1066 786 αὐτῆς
1095 734 1260 776 τεθέντα
1290 735 1355 776 καὶ
1386 738 1599 787 νομοθετη-

131 805 252 847 θέντα
281 806 562 857 ἆναπόδραστα
593 803 707 845 εἶναι.
742 802 804 844 uti
832 818 983 844 nomen
1015 802 1218 844 intellexit
1249 802 1434 859 sophista
1463 802 1600 843 nescio

131 873 225 929 quis
254 872 368 929 apud
402 871 519 913 Suid.
543 887 584 913 v.
608 873 834 913 Διονυσίων
853 870 1110 923 σκωμμάτων.
1160 874 1269 912 Θεοῦ
1294 872 1387 912 ὄπιν
1407 870 1477 912 οὐκ
1507 869 1600 912 ἆλέ-

132 957 227 994 γων,
250 940 340 981 οὐδὲ
361 939 611 992 κατεπτηχὼς
629 937 894 990 Ἀδράστειαν
920 939 1108 991 ἄφυκτον.
1139 938 1253 979 unde
1282 948 1441 994 partem
1473 938 1599 980 hexa-

132 1006 252 1049 metri
272 1015 314 1047 et
333 1006 622 1047 hexametrum
650 1004 858 1060 integrum
886 1004 996 1046 facili
1018 1005 1247 1047 mutatione
1267 1006 1362 1062 quis
1382 1006 1599 1048 effinxerit.

134 1075 366 1116 BLOMF.

191 1154 289 1198 937.
311 1141 456 1196 θῶπτε]
478 1141 630 1182 θῶπευε
649 1138 810 1195 aliquot
829 1138 951 1181 codd.
973 1147 1014 1180 et
1035 1139 1140 1182 Ald.

192 1224 289 1265 940.
310 1208 446 1264 δαρὸν]
469 1208 588 1261 δηρὸν
607 1207 694 1248 duo
715 1206 837 1248 codd.

193 1289 292 1332 945.
335 1276 404 1331 εἰς]
446 1273 719 1317 Scribendum
763 1276 813 1318 ἐς.
866 1275 1042 1316 Comma
1081 1285 1175 1331 post
1214 1276 1327 1320 θεοὺς
1359 1276 1598 1319 delendum.

135 1345 246 1387 Nam
267 1344 477 1387 cohaerent
493 1342 712 1398 participia
732 1343 1002 1396 ἐξαμαρτόντα
1030 1345 1219 1397 πορόντα,
1243 1346 1317 1401 qui
1338 1347 1532 1402 peccavit
1558 1359 1603 1386 eo

134 1414 245 1472 quod
257 1413 455 1469 praebuit.

195 1480 404 1535 ἐφημέροις
422 1488 516 1520 octo
535 1478 708 1520 codices.
753 1478 825 1519 τὸν
846 1477 1056 1531 ἐφημέροις
1076 1479 1218 1534 vulgo·
1260 1480 1332 1521 τὸν
1351 1480 1510 1534 ἡμέροις
1537 1482 1602 1522 Μ.

137 1549 291 1605 aliique
309 1547 510 1590 nonnulli.
561 1546 782 1588 Articulus
804 1546 857 1587 ab
876 1545 1053 1587 librariis
1071 1546 1254 1598 additus,
1277 1547 1350 1603 qui
1378 1563 1460 1589 non
1485 1549 1605 1590 intel-

136 1617 311 1674 ligerent
337 1630 464 1672 quam
497 1614 623 1656 modo
648 1613 924 1671 explicuimus
959 1613 1140 1655 duorum
1166 1615 1479 1671 participiorum
1507 1632 1605 1658 con-

138 1685 420 1728 structionem.

197 1753 294 1808 948.
326 1751 376 1807 τ’]
409 1749 444 1805 γ’
478 1749 677 1791 Cantabr.
709 1765 833 1791 unus.
894 1749 1149 1790 Particulam
1183 1759 1293 1791 recte
1327 1750 1439 1792 delet
1465 1751 1605 1792 Elms-

135 1819 254 1862 leius.

197 1901 296 1943 950.
334 1885 465 1928 ἕκαστ’
498 1885 682 1940 ἔκφραζε]
719 1885 868 1926 ἕκαστα
900 1884 1024 1938 φράζε
1059 1886 1126 1926 Μ.
1160 1884 1313 1941 aliique
1345 1886 1532 1927 nonnulli
1567 1898 1607 1929 et

141 1955 253 1997 Rob.
275 1954 358 1997 αὔθ’
382 1955 531 1996 ἕκαστα
559 1963 697 1994 autem
729 1952 770 1994 in
801 1953 916 1994 libris
945 1952 1034 1994 aliis
1064 1953 1133 2004 sic,
1154 1953 1195 1994 in
1223 1952 1313 1995 aliis
1334 1954 1417 1996 αὖθ’
1441 1955 1606 2007 ἕκαστα,

140 2024 182 2065 in
203 2022 293 2065 aliis
311 2022 562 2079 conjunctim
585 2021 809 2063 αὖθέκαστα
829 2021 1043 2077 scriptum.

200 2101 295 2146 953.
317 2090 381 2145 γε]
402 2107 445 2131 τε
466 2091 518 2131 Β.
541 2091 677 2130 Turn.

199 2172 294 2214 954.
317 2157 433 2213 θεῶν]
456 2157 552 2200 Διὸς
572 2156 683 2210 Rob.

199 2227 297 2281 956.
331 2225 501 2267 Laudat
527 2224 719 2266 Eustath.
741 2224 794 2264 ad
828 2224 879 2264 Il.
903 2228 951 2264 Δ.
973 2239 1015 2280 p.
1037 2237 1140 2280 503,
1162 2237 1204 2279 5.
1238 2226 1406 2267 Servius
1426 2226 1479 2267 ad
1503 2228 1606 2269 AEn.

149 2307 184 2344 1,
212 2306 283 2347 99.
316 2294 430 2334 “Ex
467 2292 621 2348 quibus
652 2292 790 2333 omnia
822 2291 906 2333 alta
940 2291 1114 2334 aedificia
1141 2307 1354 2349 pergama
1388 2306 1606 2345 vocantur,

144 2361 248 2403 sicut
268 2360 536 2416 AEschylus.''
567 2361 801 2402 BLOMF.

201 2429 296 2483 958.
319 2427 555 2481 κοιρανοῦντ’
578 2429 763 2469 A.B.M.
783 2427 951 2484 aliique.
1005 2428 1136 2469 Pauci
1161 2428 1411 2481 τυραννοῦντ’
1434 2438 1482 2470 ut
1502 2429 1607 2471 Ald.

147 2496 256 2537 Rob.
282 2497 419 2536 Turn.

204 2565 301 2618 961.
324 2563 387 2618 γε]
409 2564 452 2603 δὲ
473 2564 538 2604 Μ.
561 2564 731 2605 Barocc.
753 2563 854 2604 Ald.

205 2634 302 2686 963.
322 2630 476 2685 πεύσει]
497 2631 622 2682 πεύσῃ
642 2630 748 2672 libri.

206 2700 425 2750 ἀνιστορεῖς
454 2699 510 2738 E.
543 2697 696 2754 aliique
725 2697 927 2739 nonnulli.
974 2698 1023 2739 ἂν
1053 2700 1222 2751 ἱστορεῖς
1256 2700 1320 2740 M.
1352 2712 1393 2741 et
1422 2701 1610 2757 plerique

146 2781 241 2809 cum
267 2765 364 2807 Ald.
387 2766 498 2807 Rob.
529 2765 578 2807 ἂν
600 2767 756 2818 ἱστορῇς
776 2766 913 2806 Turn.

205 2835 303 2889 965.
322 2833 585 2888 καθώρμισας]
604 2834 832 2885 καθῶροσας
848 2832 918 2873 M.
942 2832 1052 2873 Rob.
1087 2832 1244 2873 Similia
1259 2847 1488 2889 paucorum
1506 2852 1610 2892 quo-

148 2902 326 2943 rundam
344 2900 532 2942 codicum
557 2900 655 2942 vitia
675 2907 772 2941 sunt
793 2901 1056 2952 καθώρουσας,
1080 2900 1341 2954 κατῶρουσας,
1369 2904 1608 2956 κατώροσας,

150 2971 402 3022 κατόρουσας,
426 2970 658 3022 καθώρισας,
683 2968 912 3022 κατήγαγες.
