1898 3256
341 220 427 262 234
814 224 1309 266 ANNOTATIONES

341 331 486 376 fabula
513 332 556 373 in
586 332 745 374 theatro
779 334 1037 390 Syracusano
1068 336 1121 376 ab
1151 335 1240 391 ipso
1266 335 1439 392 repetita
1473 343 1608 391 poeta,
1634 347 1775 391 quem,

341 413 472 454 quum
508 398 639 440 victus
669 399 710 440 in
741 396 959 442 certamine
988 401 1144 442 scenico
1172 401 1225 442 ab
1257 401 1459 458 Sophocle
1485 402 1640 457 juvene
1673 410 1777 441 esset

340 465 535 506 archonte
563 465 831 522 Apsephione
863 466 1033 523 (olymp.
1062 477 1131 521 77,
1161 469 1241 522 3.),
1276 467 1416 509 relicta
1444 466 1576 524 patria
1605 466 1647 506 in
1678 464 1776 506 Sici-

340 530 451 582 liam,
480 531 693 582 invitante,
714 542 761 574 ut
780 533 958 583 videtur,
983 534 1179 585 Hierone,
1209 534 1414 575 secessisse
1443 533 1654 575 Plutarchi
1683 546 1778 573 con-

340 605 422 638 stat
440 597 669 639 testimonio
693 598 735 639 in
761 599 846 640 vita
876 599 1059 641 Cimonis
1085 615 1120 642 c.
1143 601 1182 642 8.
1228 600 1302 642 Ad
1330 600 1433 642 illud
1459 599 1586 656 igitur
1616 608 1779 654 tempus

339 664 598 705 referendum
622 665 734 720 quod
764 681 816 706 ex
845 667 1129 708 Eratosthenis
1157 667 1455 708 commentariis
1479 666 1638 708 rettulit
1663 665 1779 706 scho—

339 729 456 771 liasta
479 730 768 787 Aristophanis
788 733 897 773 Ran.
921 734 1043 776 1060.
1072 738 1229 777 δοκοῦσι
1260 736 1303 776 δὲ
1332 735 1436 775 οὗτοι
1461 735 1499 775 οἳ
1527 732 1681 785 Πέρσαι
1705 731 1780 773 ὑπὸ

340 798 410 837 τοῦ
429 797 631 851 Αἰσχύλου
660 797 883 852 δεδιδάχθαι
911 800 955 840 ἐν
978 802 1251 853 Συρακούσαις,
1273 800 1567 843 σπουδάσαντος
1587 798 1777 852 Ἱέρωνος,

341 862 394 905 ὥς
422 868 545 915 φησιν
563 862 851 916 Ἐρατοσθένης
880 865 924 905 ἐν
950 864 988 918 γ’
1008 868 1095 919 περὶ
1116 872 1332 923 κωμῳδιῶν.
1390 865 1641 908 Accuratius
1669 865 1779 906 locu-

342 937 410 970 tus
438 928 613 984 scriptor
633 929 727 970 vitae
749 929 936 986 AEschyli
967 932 1192 984 ἇναδιδάξαι
1218 934 1336 984 dixit,
1356 935 1488 975 Φασὶν
1505 933 1580 974 ὑπὸ
1603 930 1780 984 Ἱέρωνος

345 995 559 1046 ἀξιωθέντα
587 996 812 1047 ἀναδιδάξαι
842 998 929 1041 τοὺς
954 997 1115 1051 Πέρσας
1144 1001 1188 1041 ἐν
1213 1002 1372 1055 Σικελία
1392 1000 1453 1040 καὶ
1471 1000 1564 1040 λίαν
1584 999 1780 1049 εὐδοκιμῆ-

343 1079 424 1111 σαι,
446 1061 473 1102 i.
495 1078 531 1102 e.
550 1073 727 1103 veterem
748 1063 929 1105 fabulam
957 1065 1009 1106 de
1037 1080 1144 1106 novo
1163 1065 1361 1107 docuisse.
1418 1066 1533 1106 Vana
1552 1064 1657 1105 enim
1679 1079 1780 1119 quo-

342 1129 518 1170 rundam
544 1129 682 1186 opinio
701 1141 762 1172 est
787 1131 892 1172 duas
921 1133 1138 1173 Persarum
1168 1132 1364 1173 editiones
1391 1132 1486 1188 plus
1512 1131 1697 1172 minusve
1720 1129 1780 1170 di-

342 1210 480 1237 versas
498 1197 711 1246 exstitisse,
733 1212 866 1252 neque
884 1198 1083 1239 exstitisse
1103 1200 1248 1249 solum,
1268 1200 1339 1240 sed
1359 1199 1480 1240 etiam
1508 1198 1549 1238 in
1580 1211 1781 1253 gramma-

344 1262 514 1304 ticorum
547 1278 693 1304 manus
723 1265 965 1320 pervenisse.
1025 1266 1127 1315 Quae
1157 1265 1393 1321 conjectura
1421 1280 1502 1305 non
1529 1264 1608 1305 alio
1637 1263 1781 1304 nititur

341 1330 611 1372 fundamento
637 1345 761 1386 quam
783 1331 895 1386 quod
926 1331 1155 1372 Athenaeus
1174 1346 1215 1386 3.
1246 1347 1287 1387 p.
1305 1333 1358 1372 86
1380 1333 1429 1372 C.
1461 1331 1602 1383 νήσους
1631 1347 1778 1382 νηριτο-

340 1398 511 1450 τρόφους
540 1397 754 1438 scholiasta
783 1407 918 1439 autem
940 1398 1216 1454 Hermogenis
1244 1398 1356 1453 apud
1385 1397 1569 1439 Bastium
1600 1397 1652 1437 ad
1674 1397 1779 1437 Gre-

342 1479 431 1519 gor.
453 1466 551 1504 Cor.
582 1479 623 1519 p.
647 1476 741 1516 241.
766 1464 864 1515 (vol.
885 1477 924 1518 5.
956 1480 996 1519 p.
1017 1464 1113 1514 486.
1144 1464 1207 1504 ed.
1229 1465 1386 1518 Walz.)
1415 1464 1659 1504 vocabulum
1686 1464 1780 1503 ὑπό-

343 1535 458 1582 ξυλος
485 1546 536 1571 ex
565 1531 640 1571 hac
669 1530 810 1572 fabula
838 1530 1088 1571 memoravit.
1149 1533 1335 1581 Quorum
1360 1540 1551 1572 neutrum
1578 1545 1706 1586 quum
1737 1529 1778 1570 in

343 1597 484 1638 fabula
504 1596 719 1652 superstite
749 1598 923 1651 legatur,
949 1612 1067 1637 nemo
1086 1597 1203 1638 facile
1229 1597 1349 1638 hodie
1371 1597 1448 1638 erit
1475 1597 1574 1652 quin
1607 1596 1668 1637 vel
1698 1611 1779 1636 me-

344 1665 470 1705 moria
502 1664 634 1720 lapsos
672 1663 957 1719 grammaticos
990 1664 1079 1704 illos
1117 1679 1201 1704 esse
1235 1664 1299 1704 vel
1334 1664 1515 1705 librarios
1546 1665 1779 1712 Persarum,

343 1746 490 1772 nomen
521 1730 639 1771 simili
667 1730 802 1780 alicui,
823 1730 944 1786 quale
974 1731 1283 1772 Perrhaebidum
1306 1741 1379 1782 est,
1404 1731 1657 1773 substituisse
1686 1745 1779 1771 con-

344 1797 462 1839 cedat
483 1797 619 1853 potius
638 1813 760 1852 quam
787 1798 838 1838 de
866 1797 1019 1853 duplici
1042 1799 1193 1854 cogitet
1221 1800 1461 1850 recensione,
1482 1800 1600 1854 cujus
1620 1797 1777 1838 nullum

343 1879 517 1919 usquam
548 1864 660 1904 aliud
688 1864 886 1905 indicium
916 1875 976 1906 est
1006 1875 1226 1921 repertum,
1250 1866 1325 1907 nisi
1354 1867 1445 1921 quis
1475 1865 1777 1907 scholiastarum

340 1932 603 1987 quorundam
638 1931 869 1987 exemplum
905 1942 1067 1973 secutus
1100 1932 1259 1973 ludicro
1294 1932 1581 1988 Aristophanis
1613 1932 1779 1973 invento

343 1998 460 2039 abuti
481 1998 592 2046 velit,
614 1998 664 2039 de
683 2014 769 2054 quo
788 1999 829 2038 in
851 2000 1111 2040 annotatione
1130 2000 1182 2040 ad
1205 2015 1241 2040 v.
1263 2001 1358 2051 664.
1377 2014 1643 2055 exponemus.

406 2197 441 2224 Ι.
468 2183 992 2238 Τάδε-Περσῶν-πιστὰ]
1026 2185 1117 2226 τάδε
1143 2188 1264 2226 πιστὰ
1294 2200 1369 2241 pro
1399 2187 1480 2226 οἵδε
1505 2186 1645 2234 πιστοὶ,
1671 2185 1779 2225 enal-

344 2250 435 2305 lage
451 2249 545 2290 satis
560 2260 667 2290 nota.
700 2250 816 2291 Infra
831 2251 927 2291 681.
942 2250 1001 2292 ΨΩ.
1015 2254 1134 2293 πιστὰ
1149 2256 1309 2294 πιστῶν.
1344 2254 1520 2293 Eumen.
1536 2253 1631 2304 486.
1649 2253 1780 2294 ἀστῶν

345 2321 422 2358 τῶν
443 2318 544 2368 ἐμῶν
564 2318 612 2357 τὰ
630 2317 822 2368 βέλτατα.
868 2317 1018 2374 Eurip.
1041 2319 1171 2359 Orest.
1198 2332 1315 2371 1244.
1348 2320 1564 2371 Μυκηνίδες
1592 2318 1622 2359 ὦ
1651 2320 1778 2372 φίλαι,

345 2386 406 2424 Τὰ
435 2388 566 2436 πρῶτα
596 2386 692 2424 κατὰ
722 2385 939 2437 Πελασγὸν
962 2385 1046 2427 ἕδος
1063 2385 1267 2438 Ἀργείων.
1313 2386 1529 2441 Aristoph.
1552 2387 1659 2428 Ran.
1681 2400 1777 2440 419.

346 2451 448 2491 Νυνὶ
469 2451 510 2490 δὲ
531 2452 754 2502 δημαγωγεῖ
769 2449 841 2491 Ἐν
870 2455 951 2493 τοῖς
978 2452 1056 2492 ἄνω
1087 2456 1296 2504 νεκροῖσιν,
1321 2454 1470 2493 Κᾶστιν
1490 2455 1537 2494 τὰ
1556 2458 1687 2506 πρῶτα
1714 2457 1780 2504 τῆς

347 2518 431 2557 ε’κεῖ
455 2517 680 2569 μοχθηρίας.
733 2517 801 2557 Cf.
823 2517 1025 2558 Herodot.
1048 2519 1088 2567 6,
1113 2532 1203 2559 100.
1225 2532 1263 2572 9,
1289 2519 1354 2571 78.
1406 2520 1473 2560 Sic
1495 2520 1778 2576 Thucydides,

346 2586 395 2624 τὰ
413 2583 518 2635 μέσα
536 2588 611 2624 τῶν
630 2588 814 2624 πολιτῶν.
862 2583 954 2625 Vid.
978 2585 1143 2625 omniuo
1165 2585 1448 2627 Hemsterhus.
1469 2586 1509 2626 in
1534 2587 1652 2628 Misc.
1676 2587 1777 2628 Obs.

346 2663 387 2703 5.
406 2665 448 2706 p.
469 2664 537 2704 30.
557 2661 597 2691 et
616 2651 667 2691 ad
690 2651 866 2691 Lucian.
884 2651 964 2692 vol.
991 2665 1026 2692 1.
1048 2667 1089 2707 p.
1114 2664 1208 2704 147.
1271 2652 1337 2693 Sic
1363 2652 1468 2693 inter
1491 2654 1662 2695 Latinos
1690 2656 1778 2696 Lu-

348 2716 498 2757 cretius
531 2730 564 2756 1.
594 2717 661 2770 87.
687 2718 832 2772 prima
862 2718 1059 2759 virorum.
1107 2718 1232 2760 Ovid.
1264 2720 1361 2761 Am.
1398 2733 1433 2770 1,
1468 2733 1505 2770 1,
1537 2733 1573 2774 9.
1603 2722 1780 2763 Summa

348 2785 498 2823 ducum
518 2784 701 2824 Atrides.
730 2784 957 2825 BLOMF.

405 2848 540 2903 πιστά]
574 2851 756 2906 Satrapae
777 2859 817 2891 et
836 2851 953 2891 amici
974 2851 1080 2906 regis
1101 2853 1315 2893 Persarum
1339 2852 1490 2893 solenni
1510 2854 1780 2909 appellatione

349 2915 479 2956 πιστοὶ
507 2915 751 2962 audiebant;
784 2917 896 2971 quod
926 2928 1034 2958 recte
1062 2917 1321 2960 observatum
1343 2930 1402 2961 est
1422 2919 1462 2960 in
1484 2920 1592 2962 Bibl.
1616 2921 1716 2963 Crit.
1737 2935 1777 2973 4,
