1898 3256
353 239 444 280 AD
477 237 731 280 SEPTEM
763 235 1094 278 ADVERSUS
1126 235 1396 276 THEBAS.
1525 232 1611 278 139

147 347 350 399 ediderat,
368 349 478 406 quod
492 350 677 406 pic-turre
691 348 813 390 decus
833 352 1075 389 mereretur.
1107 347 1240 387 Hom.
1258 345 1313 388 11.
1328 349 1380 395 X,
1396 356 1491 400 294.
1514 343 1610 396 Δηΐ-

148 421 284 468 φοβον
305 417 440 459 ἐκάλει
459 417 715 460 λευκάσπιδα.
752 416 880 458 Albae
901 430 1055 473 parmae
1075 414 1186 471 picta
1206 413 1445 470 opponitur,
1468 411 1611 469 quales

148 484 326 526 ducibus
346 485 409 526 vel
425 485 617 542 spectatis
631 484 830 527 militibus
850 499 1066 527 concessae.
1098 482 1312 540 Virgilius,
1331 483 1432 523 AEn.
1452 494 1494 536 7,
1513 481 1608 536 796.

606 552 704 610 picti
726 562 842 595 scuta
863 551 1024 594 Labici.

148 619 197 659 id
220 625 292 670 est,
313 620 448 677 inquit
478 620 659 671 Servius,
681 621 728 661 in
755 620 855 662 bello
865 621 1123 676 frequenter
1143 618 1342 675 probati:
1374 616 1488 658 unde
1516 617 1610 658 Ho-

150 700 287 727 merus
319 686 370 728 Il.
392 690 442 738 A,
463 701 532 743 32.
585 687 912 744 Agamemnonis
935 686 1127 744 clypeum
1158 687 1454 728 πολυδαίδαλον
1480 694 1611 726 vocat.

150 754 247 795 Hoc
278 769 375 796 vero
404 770 456 796 ex
480 754 712 812 insignibus
742 764 898 812 septem
928 756 1083 797 ducum
1115 754 1157 795 in
1189 754 1266 796 hac
1294 754 1384 811 ipsa
1409 752 1614 810 tragoedia

149 821 246 862 satis
265 830 438 863 constat.
472 823 692 865 STANL.

206 902 272 944 92.
299 891 526 946 τίς-θεᾶν]
550 892 657 933 Haec
675 891 717 932 in
739 906 870 932 unum
887 906 1051 933 versum
1073 890 1379 948 conjungenda.

207 958 265 1012 ἄρ’
287 974 371 1001 om.
389 959 549 1016 aliquot
568 959 690 1002 codd.
714 969 756 1001 et
778 958 878 1000 Ald.

208 1040 278 1082 94.
300 1028 417 1084 θεῶν]
438 1032 516 1069 τῶν
537 1031 638 1070 θεῶν
659 1028 773 1069 Rob.

209 1095 320 1151 θεᾶν]
342 1099 504 1137 θεαινᾶν
523 1095 643 1137 codd.
665 1095 824 1152 aliquot
843 1106 884 1137 et
906 1095 1018 1138 Rob.
1069 1095 1158 1136 Alii
1178 1095 1348 1151 quidam
1371 1098 1550 1137 θεαινῶν.

211 1177 236 1217 9
238 1175 422 1217 5—104.
444 1163 600 1204 Versus
627 1163 669 1204 in
691 1163 795 1205 Ald.
816 1163 872 1205 sic
892 1162 1012 1205 divisi
1041 1165 1247 1216 πότερα-
1272 1164 1280 1218 Ι
1307 1165 1559 1215 δαιμόνων-

153 1230 369 1283 ἆκμάζει-
393 1230 401 1288 Ι
426 1231 698 1285 ἆγάστονοι-
725 1230 730 1287 Ι
758 1232 961 1273 κτύπον-
986 1231 992 1286 Ι
1020 1231 1331 1285 ἀμφὶ-ἕξομεν.

210 1311 280 1353 95.
310 1299 727 1354 πότερα-δαιμόνων]
749 1300 903 1340 Versus
923 1315 974 1341 ex
994 1299 1161 1341 duobus
1184 1299 1390 1341 dochmiis
1406 1308 1447 1340 et
1467 1299 1618 1340 cretico

151 1365 414 1422 compositus,

211 1445 278 1488 97.
299 1434 476 1487 βρετέων
497 1435 641 1491 Steph.
664 1445 705 1476 et
726 1450 822 1491 pars
840 1435 1045 1477 codicum.
1081 1434 1169 1476 Alii
1191 1435 1369 1489 βρετέων
1390 1434 1422 1477 δ’
1448 1446 1494 1477 ut
1514 1435 1615 1478 Ald.

154 1501 266 1542 Rob.
291 1503 427 1544 Turn.

213 1570 394 1626 ἔχεσθαι]
433 1570 579 1625 ἔχεσθε
608 1570 767 1627 aliquot
801 1571 921 1614 codd.
955 1580 997 1613 et
1028 1571 1130 1613 Ald.
1167 1573 1321 1623 Turn„
1353 1586 1434 1612 non
1470 1572 1615 1629 Steph.

157 1642 185 1661 ‘⁶
200 1637 425 1679 Notissima
445 1648 630 1680 veterum
655 1639 926 1690 consuetudo,
944 1654 1029 1696 qua
1054 1639 1096 1680 in
1127 1639 1252 1681 rebus
1279 1639 1619 1696 desperatissimis

157 1704 374 1746 simulacra
391 1705 562 1748 deorum
586 1706 981 1764 complectebantur.
1035 1707 1334 1749 Andromache
1355 1708 1469 1764 apud
1492 1707 1618 1749 Euri-

157 1772 293 1828 pidem
316 1788 355 1813 ν.
379 1786 468 1828 115.

271 1841 381 1893 Πρὸς
400 1842 475 1883 τόδ’
497 1842 659 1894 ἄγαλμα
678 1846 770 1886 θεᾶς
792 1843 908 1887 ἱκέτις
928 1844 1018 1897 περὶ
1037 1846 1148 1897 χεῖρε
1167 1847 1369 1895 βαλοῦσα.

159 1907 302 1964 Virgil.
324 1910 424 1950 AEn.
450 1922 488 1960 2,
508 1920 607 1964 517.
629 1910 681 1952 de
702 1912 883 1952 Hecuba
903 1922 945 1953 et
965 1911 1086 1960 natis,

613 1978 770 2019 Divum
793 1978 997 2035 amplexae
1016 1977 1233 2019 simulacra
1254 1978 1467 2020 tenebant.

156 2044 288 2093 Quem
310 2043 494 2086 imitatus
514 2044 691 2087 Ovidius
713 2047 887 2087 Metam.
914 2059 979 2101 13,
1002 2058 1102 2098 412.

270 2111 504 2153 Dardanias
523 2124 673 2154 matres
693 2113 921 2168 patriorum
943 2114 1059 2170 signa
1080 2115 1269 2156 Deorum

271 2180 385 2220 Dum
406 2179 500 2222 licet
519 2181 769 2237 amplexas.”
801 2182 1025 2223 STANL.

217 2260 307 2288 101.
329 2247 706 2305 πέπλων-ἕξομεν]
727 2250 835 2291 Haec
855 2249 896 2291 in
921 2265 1051 2291 unum
1075 2266 1240 2293 versum
1262 2254 1565 2310 conjungenda.

217 2328 310 2370 103.
344 2315 470 2357 λίταν’
503 2316 723 2358 Seidlerus.
770 2319 887 2359 λιτᾶν
918 2318 1079 2360 codices
1113 2330 1155 2362 et
1185 2322 1321 2363 Turn.
1367 2323 1479 2374 λιτὴν
1512 2324 1614 2365 Ald.

156 2381 268 2424 Rob.
319 2388 347 2408 “
364 2384 487 2426 Conf.
509 2386 656 2442 Suppl.
679 2385 776 2440 809.
798 2385 869 2426 ubi
891 2386 993 2438 μέλη
1013 2388 1169 2430 λίτανα.
1200 2390 1345 2431 λίτανα
1364 2390 1530 2432 πέπλων
1551 2394 1614 2433 καὶ

155 2449 337 2503 στεφέων
357 2451 554 2494 dicuntur
580 2461 628 2494 ut
652 2455 759 2506 ἆβρᾶ
779 2452 964 2506 παρηΐδος
994 2455 1102 2495 Eur.
1126 2456 1278 2497 Phoen.
1304 2471 1424 2512 1493.
1458 2460 1617 2511 ἄνολβα

153 2518 436 2570 βουλευμάτων
458 2519 588 2577 Soph.
611 2522 715 2562 Ant.
738 2522 818 2563 126
819 2521 885 2575 5.''
917 2522 1208 2564 SEIDLER.
1255 2525 1381 2566 Prece
1400 2527 1615 2582 occupabi-

155 2599 263 2625 mur.
310 2586 378 2627 Ita
397 2597 505 2628 recte
526 2587 760 2630 Schutzius.
799 2580 1073 2630 'Constructio
1092 2599 1168 2641 est,
1186 2590 1272 2632 πότ’
1294 2594 1330 2633 εἷ
1347 2592 1400 2644 μὴ
1422 2596 1504 2641 νῦν,
1528 2594 1613 2645 ἔξο-

155 2668 229 2703 μεν
251 2653 353 2705 ἀμφὶ
376 2656 492 2696 λιτᾶν
520 2654 684 2697 πέπλων
714 2656 777 2697 καὶ
804 2655 1000 2709 στεφέων.
1030 2656 1057 2697 i.
1079 2672 1112 2698 e.
1138 2672 1282 2714 preces
1303 2673 1385 2715 per
1404 2661 1551 2716 peplos
1577 2668 1616 2703 et

153 2720 326 2760 corollas
354 2720 507 2763 oblatos
518 2723 683 2777 fictas.
733 2722 828 2764 vid.
848 2723 970 2765 Iliad.
994 2728 1041 2776 Z,
1063 2737 1160 2778 270.
1212 2727 1343 2767 Hunc
1363 2727 1499 2768 locum
1520 2744 1615 2770 con-

158 2786 252 2828 tulit
274 2787 496 2843 Berglerus
523 2804 618 2830 cum
644 2790 836 2846 Alciphr.
864 2805 898 2832 1.
923 2803 988 2832 21.
1019 2793 1134 2843 ἡλίου
1164 2794 1265 2846 ἀμφὶ
1294 2795 1407 2836 δύσιν
1438 2796 1612 2850 ἔχοντος.

156 2864 197 2895 et
218 2855 384 2896 Arrian.
408 2856 519 2898 Hist.
543 2856 666 2898 Alex.
694 2871 728 2899 1.
760 2873 805 2914 p.
829 2871 898 2914 23.
929 2860 1019 2900 ὅσοι
1039 2861 1140 2914 ἀμφὶ
1161 2860 1264 2917 ᾠδὴν
1285 2862 1436 2916 ἔχουσι.
1486 2865 1614 2907 Adde

158 2923 355 2979 Xenoph.
380 2925 538 2981 Cyrop.
561 2936 601 2979 5.
625 2925 677 2967 ad
699 2927 769 2967 fin.
801 2928 822 2967 ὁ
852 2928 926 2978 μὲν
947 2928 1150 2981 Κυαξάρης
1178 2930 1278 2983 ἀμφὶ
1306 2934 1466 2974 δεῖπνον
1492 2933 1614 2988 εἶχεν.

157 2989 223 3031 Cf.
246 2990 395 3047 Eurip.
422 2992 623 3034 Phoeniss.
648 2994 766 3048 1763.
802 2994 1028 3036 BLOMF.

851 3075 912 3104 s?-
