1898 3256
714 225 804 267 AD
835 226 1088 268 PERSAS.
1548 227 1634 268 315

166 337 300 388 Basta,
321 339 438 379 τοῦτό
457 344 583 392 φησιν
601 339 623 378 ὁ
646 338 796 391 Ξέρξης
814 337 913 391 πρὸς
938 337 1009 379 τὸν
1028 336 1165 391 χορὸν,
1188 337 1248 378 ὅτι
1267 339 1387 390 ἴυγγα
1407 337 1471 378 καὶ
1491 338 1634 390 φιλίαν

168 405 232 447 καὶ
251 406 395 457 ἡδονὴν
415 409 492 447 τῶν
512 406 673 460 ἀγαθῶν
693 406 858 459 ἑταίρων
876 422 944 458 μοι
964 408 1136 458 Περσῶν
1155 404 1471 457 ὑπομιμνήσκεις.

221 474 307 528 μοι]
333 490 382 525 με
402 472 515 514 Rob.
563 473 661 515 Om.
685 472 857 514 Barocc.

226 553 324 596 990.
355 540 678 596 ὑπομιμνήσκεις]
702 540 966 594 ὑπομνήσκεις
989 540 1187 582 Cantabr.
1211 540 1384 598 primus.
1447 542 1634 584 Verbum

165 623 221 650 ex
250 608 495 665 glossemate
524 609 700 652 illatum.
763 611 873 652 Nam
904 617 1084 650 metrum
1114 608 1247 665 poscit
1278 608 1492 666 dipodiam
1526 618 1636 651 cata-

167 675 366 718 lecticam.

226 758 325 800 991.
347 744 489 786 ἄλαστ’
511 746 671 787 ἄλαστα
691 746 977 786 Hermannus.
1039 743 1202 785 Aberat
1223 743 1380 786 ἄλαστ’.

227 813 423 867 πρόκακα]
447 813 523 866 πρὸ
546 814 646 854 κακὰ
665 812 768 854 Ald-

228 893 325 935 992.
358 883 441 935 βοᾷ
475 881 555 935 βοᾷ
583 879 745 932 ,μελέων
778 880 943 922 ἔνδοθεν
976 879 1086 935 ἦτορ]
1122 880 1219 921 Νοι]
1255 880 1508 935 respondent
1548 880 1637 922 haec

169 947 307 989 verbis
329 947 373 988 in
398 948 570 1005 stropha
597 947 765 1005 positis:
808 947 1120 1005 respondebunt
1149 947 1206 989 sio
1237 957 1412 1000 mutata,
1443 951 1525 1004 βοᾷ
1555 951 1637 1004 βοᾷ

167 1032 236 1067 μοι
254 1015 412 1068 μελέων
428 1016 621 1057 ἔντοσθεν
640 1016 747 1069 ἦτορ.
777 1016 970 1057 ἔντοσθεν
990 1014 1276 1057 Blomfieldus.

228 1097 325 1139 993.
357 1084 486 1126 ἄλλον
507 1083 794 1126 Biomfieldus.
827 1085 932 1126 ἄλλο
962 1083 1055 1125 libri
1081 1093 1124 1125 et
1150 1083 1380 1135 scholiasta,
1401 1083 1476 1140 qui
1502 1084 1639 1138 ἔτερόν

169 1169 209 1193 τι
227 1151 540 1209 interpretatur.

228 1218 298 1275 γε]
319 1236 364 1261 τε
384 1221 434 1261 Ο,
465 1237 501 1261 τι
522 1219 682 1261 codices
701 1218 889 1260 nonnulli
910 1229 951 1260 et
973 1219 1120 1276 Steph.

228 1300 327 1343 994.
352 1286 545 1342 Μάρδων]
568 1285 735 1340 Μάρδον
757 1287 807 1328 C.
829 1286 981 1343 aliique
1000 1287 1138 1343 pauci.

227 1354 531 1411 μυριόνταρχον]
561 1353 826 1409 μυριόναρχον
845 1354 958 1396 Rob.
1021 1354 1281 1397 Vocabulum
1312 1370 1363 1397 ex
1393 1354 1639 1411 glossemate

168 1421 348 1465 illatum.
409 1422 541 1465 Soribi
562 1438 588 1464 a
605 1431 730 1480 poeta
756 1422 895 1479 potuit
923 1422 1175 1477 μυριοταγόν.
1204 1421 1472 1477 μυριάδαρχον
1494 1422 1650 1465 ΒΙοῐη-’

169 1489 333 1532 fieldus.

231 1572 331 1614 995.
356 1557 516 1602 ’Ξάνθον
536 1559 649 1603 Rob.
673 1557 835 1610 Ξάνθην
848 1558 942 1600 libri
958 1558 1119 1615 reliqui.
1153 1561 1248 1610 Quo
1264 1569 1456 1601 revocato
1472 1560 1640 1601 Ahren-

170 1625 258 1667 sius
278 1641 319 1682 p.
338 1639 402 1668 10.
429 1626 608 1668 correxit
640 1625 801 1679 Ξάνθην
825 1625 967 1679 Ἀριόν
995 1626 1027 1668 τ’
1057 1626 1275 1681 Ἀγχάρην.
1309 1628 1473 1680 Κομμὸν
1497 1627 1640 1681 Ἀριον

171 1693 282 1735 dixit
302 1694 531 1751 AEsehylus
553 1694 744 1750 Choeph.
764 1707 863 1750 423.

228 1763 333 1817 996.
363 1760 580 1817 Ἀρσάκην]
618 1761 825 1815 Ἀρσάμην
865 1762 1098 1803 Burneius:
1149 1762 1264 1819 quod
1305 1778 1453 1805 nomen
1486 1764 1640 1820 legitur

174 1845 213 1873 v.
233 1841 305 1885 37.

232 1897 331 1952 998.
354 1895 587 1949 Κηδαδάταν
606 1897 675 1937 Μ.
697 1896 849 1953 aliique
875 1896 1076 1938 nonnulli.
1109 1897 1373 1952 Κυγδαγάταν
1394 1898 1499 1940 Ald.
1531 1903 1639 1953 Kvy-

172 1964 297 2007 δάταν
317 1965 430 2006 Rob.
454 1963 707 2018 Κιγδαγάταν
728 1966 867 2006 Turn.
901 1963 1102 2018 Κιγδάδαν
1124 1965 1188 2006 vel
1211 1966 1460 2020 Κιγδαδάταν
1479 1966 1640 2023 aliquot

170 2032 297 2076 codd.
358 2033 455 2074 Non
475 2031 608 2087 liquet
627 2047 724 2088 quae
742 2047 840 2074 vera
859 2032 911 2074 sit
931 2032 1004 2089 huj
1012 2048 1059 2074 us
1078 2033 1256 2075 nominis
1276 2034 1490 2091 scriptura.

232 2098 457 2154 Λυθίμναν]
479 2100 660 2151 Λυθίμαν
681 2101 740 2141 Α.

228 2181 331 2223 999.
350 2166 534 2223 Τόλμον]
557 2165 678 2219 τόμον
699 2166 799 2209 Ald.
830 2166 984 2220 τόλμαν
1005 2168 1138 2210 Paris.
1160 2167 1261 2210 duo.

232 2236 266 2276 τ’
284 2234 475 2277 additum
497 2249 549 2276 ex
570 2236 630 2275 A.

231 2304 376 2357 αἰχμᾶς
396 2303 523 2344 Α.Μ.
545 2301 693 2343 Guelf.
725 2303 867 2355 αἰχμῆς
885 2301 1027 2358 vulgo.

236 2383 360 2412 1000.
392 2371 524 2410 Hunc
543 2383 707 2409 versum
738 2379 780 2410 et
807 2379 1046 2424 sequentem
1068 2369 1195 2411 choro
1213 2369 1472 2411 continuavit
1493 2372 1641 2412 Passo—

175 2437 279 2480 viuS.
339 2436 460 2477 Libri
480 2435 619 2476 Xerxi
640 2435 845 2476 tribuunt.

233 2505 381 2557 ἔταφεν
408 2503 557 2556 ἔταφεν
583 2517 634 2543 ex
664 2502 902 2557 conjectura
924 2501 1183 2544 Valckenarii
1210 2503 1263 2544 ad
1285 2503 1435 2559 Eurip.
1458 2503 1638 2559 Hippol.

179 2584 299 2624 1247.
320 2570 482 2612 illatum
513 2585 538 2611 a
558 2569 772 2611 Brunckio
800 2569 987 2625 aliisque,
1008 2579 1049 2611 et
1079 2570 1224 2627 legisse
1253 2571 1420 2612 videtur
1451 2586 1559 2612 unus
1587 2586 1640 2611 ex

174 2637 414 2689 scholiastis,
435 2638 508 2694 qui
528 2652 603 2694 per
624 2636 830 2690 ἐτάφησαν
846 2636 1170 2693 interpretatur:
1203 2637 1308 2678 alius
1329 2653 1403 2694 per
1424 2638 1639 2679 ἀπέθανον.

174 2705 476 2751 Revocandum
497 2704 611 2761 quod
632 2704 675 2745 in
694 2704 808 2746 libris
827 2714 890 2745 est
910 2704 1060 2757 ἔταφον
1082 2706 1246 2758 ἔταφον,
1267 2706 1474 2762 obstupui.

234 2775 305 2816 οὐκ
324 2789 407 2816 om.
427 2773 537 2814 Rob.

240 2854 362 2882 1001.
382 2837 709 2894 τροχηλάτοισιν]
733 2837 992 2892 τροχηλάτοις
1011 2838 1124 2879 Rob.

233 2910 374 2951 ὄπιθεν
394 2908 676 2955 Wellauerus,
698 2905 983 2963 praeeuntibus
1003 2906 1213 2956 Passovio‚
1234 2905 1308 2962 qui
1335 2908 1449 2948 ὅπιθε
1473 2908 1644 2964 scripse-

178 2985 254 3027 rat,
287 2986 328 3018 et
363 2974 628 3026 Blomfieldo‚
659 2973 732 3031 qui
768 2972 799 3015 δ’
835 2972 1055 3015 deleverat.
1117 2973 1359 3029 Legebatur
1396 2975 1561 3017 ὄπισθεν
1594 2974 1643 3018 δ’.
1705 2978 1709 2982 ’

853 3053 970 3083 Rr2
