1898 3256
342 236 432 279 AD
464 235 720 279 SEPTEM
751 234 1082 276 ADVERSUS
1114 233 1385 277 THEBAS.
1516 234 1602 279 209

197 347 433 404 περιπίτνει]
457 346 724 390 scribebatur
744 348 972 399 περιπιτνεῖ.
1005 345 1227 398 περιπίπτει
1246 344 1406 402 aliquot
1425 344 1549 387 codd.

201 412 295 468 836.
319 417 445 460 Θυιὰς
464 414 558 457 libri
581 413 743 473 optimi,
764 412 830 455 vel
852 414 976 461 Θυᾶς,
999 421 1047 454 ut
1067 411 1172 454 Ald.
1196 413 1333 455 Turn.
1394 411 1525 454 Pauci
1552 413 1603 457 ὡς

145 483 255 525 Θυᾶς
273 497 369 524 cum
391 482 502 525 Rob.

200 548 297 604 837.
319 552 520 604 δυσμόρως
538 550 652 592 A.B.
672 548 825 606 aliique
844 558 886 591 et
906 547 1033 590 schol.
1054 548 1260 602 δυσφόρως
1273 547 1338 588 Μ.
1355 560 1398 590 et
1418 556 1500 590 tres
1518 547 1602 590 alii.

142 616 345 658 Nonnulli
366 619 582 671 δυσμόρους
603 627 650 659 ut
671 617 784 659 Rob.
807 618 944 658 Turn.
965 615 1031 657 vel
1053 616 1276 669 δυσφόρους
1297 624 1344 657 ut
1364 615 1467 657 Ald.
1502 617 1604 658 Ver-

140 699 210 726 sus
228 684 295 727 hic
314 701 409 728 cum
430 686 597 728 duobus
617 685 885 742 sequentibus
904 685 946 726 in
979 699 1110 726 unum
1141 683 1460 741 conjungendus
1488 694 1530 726 et
1559 684 1602 726 in

140 753 399 810 antistrophe
420 754 661 809 845—847.

193 822 292 876 839.
323 821 532 878 ξυναυλία]
562 823 812 864 Conventus.
844 820 1031 877 Hesych.
1064 820 1305 864 Ξυναυλίαν.
1337 823 1416 863 πᾶν
1441 823 1604 874 πρᾶγμα

141 890 290 931 δισσόν·
321 889 392 941 τὴν
410 889 486 931 ὑπὸ
506 890 574 931 δύο
597 888 904 942 ἐπιτελουμένην
925 890 1108 942 αὔλησιν.
1141 889 1237 930 ὅταν
1256 890 1333 942 γὰρ
1349 889 1417 931 δύο
1434 888 1600 937 αὖλῶσι,

138 959 327 1008 ξυναυλία
345 957 522 1011 λέγεται,
544 957 655 999 unde
675 956 906 1015 AEschylus
924 957 1100 999 fratrum
1130 956 1311 998 duorum
1337 957 1600 1011 μονομαχίαν,

139 1026 352 1076 ξυναυλίαν
373 1024 491 1068 dixit.
527 1026 761 1067 BLOMF.

197 1093 297 1144 842.
329 1094 477 1146 βουλαὶ
507 1092 539 1135 δ’
568 1094 726 1135 ἄπιστοι
752 1092 895 1147 Λαΐου]
927 1092 1022 1134 Laii
1053 1093 1269 1134 oraculum
1303 1092 1603 1135 contemnentis

138 1159 323 1203 audacia.
356 1162 491 1203 SCH.
554 1160 621 1203 Sic
642 1160 872 1212 scholiasta,
895 1162 1056 1203 ἄπιστοι
1085 1162 1141 1210 δὲ,
1165 1161 1225 1202 ὅτι
1255 1161 1323 1202 οὐκ
1354 1161 1519 1213 ἐπείσθη
1548 1163 1602 1216 τῷ

139 1226 369 1271 Ἀπολλῶνι
390 1230 538 1271 εἰπόντι
559 1229 661 1285 αὐτῷ
679 1229 733 1282 μὴ
753 1233 967 1272 συνελθεῖν
985 1230 1033 1286 τῇ
1052 1229 1208 1283 γυναικὶ
1226 1227 1420 1280 Ἰοκάστῃ.

199 1296 296 1352 843.
318 1297 481 1354 πτόλιν]
502 1298 623 1339 πόλιν
641 1296 800 1353 aliquot
821 1296 942 1339 codd.
963 1304 1006 1338 et
1026 1295 1128 1337 Ald.
1151 1295 1263 1338 Rob.

198 1364 293 1416 844.
316 1365 482 1418 θέσφατ’
500 1366 683 1408 Ε.Μ.Ν.
704 1373 745 1407 et
766 1364 952 1421 quinque
972 1363 1054 1407 alii.
1117 1363 1256 1421 Vulgo
1276 1364 1342 1406 καὶ
1361 1362 1545 1417 θέσφατ’.

199 1430 298 1486 845.
341 1432 460 1473 Inter
497 1432 587 1474 haec
621 1446 718 1488 quae
750 1430 942 1488 proxime
982 1436 1216 1487 sequuntur
1248 1429 1392 1480 verba,
1422 1429 1602 1471 fratrum

138 1497 366 1540 occisorum
386 1498 569 1541 Eteoclis
589 1508 628 1542 et
650 1499 861 1557 Polynicis
879 1499 1081 1541 cadavera
1103 1497 1146 1539 in
1176 1512 1339 1539 scenam
1368 1496 1483 1539 illata
1508 1496 1602 1539 fue-

138 1565 236 1617 rint,
266 1581 429 1608 necesse
458 1576 532 1610 est.
593 1567 795 1609 Nondum
827 1577 963 1608 tamen
997 1566 1041 1608 h.
1073 1565 1099 1608 l.
1135 1565 1189 1607 de
1221 1565 1418 1607 funerum
1448 1580 1604 1622 pompa

140 1634 407 1691 cogitandum
423 1651 436 1686 3
468 1634 539 1676 sed
565 1644 735 1677 cruenta
758 1650 806 1676 ac
830 1634 1003 1692 pulvere
1025 1646 1066 1677 et
1088 1635 1198 1677 sanie
1218 1634 1464 1676 dedecorata
1483 1635 1604 1676 cada-

140 1717 238 1744 vera
258 1702 300 1744 h.
320 1702 348 1744 l.
375 1710 539 1744 tantum
570 1701 861 1744 misericordiae
892 1703 1109 1745 movendae
1137 1719 1262 1745 causa
1290 1703 1405 1744 chori
1429 1712 1470 1744 et
1491 1718 1606 1760 spec-

141 1779 322 1812 tatorum
354 1769 484 1811 oculis
513 1779 808 1826 exponuntur;
842 1770 915 1812 ubi
940 1786 989 1812 ea
1015 1786 1148 1827 usque
1167 1770 1221 1812 ad
1242 1771 1365 1812 finem
1388 1771 1605 1828 tragoediae

135 1837 317 1894 jacuisse
346 1838 560 1894 sequentia
589 1838 686 1880 satis
715 1839 865 1881 docent
879 1854 893 1890 ς
925 1839 1042 1881 finita
1068 1839 1175 1880 enim
1204 1838 1373 1880 demum
1400 1839 1605 1895 tragoedia

141 1905 313 1947 domum
348 1915 613 1962 asportantur
645 1907 859 1958 cadavera,
892 1915 940 1948 ut
971 1906 1121 1948 deinde
1153 1907 1282 1963 justae
1316 1906 1365 1948 iis
1395 1907 1605 1964 exsequiae

142 1972 278 2029 parari
299 1982 477 2029 possent.
511 1974 644 2015 SCH.

201 2041 296 2095 849.
330 2041 566 2095 διδυμάνορα
591 2041 657 2083 vel
686 2040 807 2095 δίδυμ’
833 2041 958 2095 ἄνορα
977 2043 1034 2084 Α.
1065 2041 1218 2099 aliique
1247 2042 1450 2084 nonnulli.
1482 2043 1602 2096 δίδυμ’

143 2108 289 2162 ἀνορέα
302 2109 367 2151 Μ.
388 2124 621 2166 novemque
640 2109 710 2151 alii
730 2118 771 2151 et
791 2109 908 2162 Ald.‚
930 2109 1007 2151 nisi
1027 2109 1143 2166 quod
1161 2099 1204 2151 in
1225 2109 1477 2166 quibusdam
1499 2114 1601 2153 διδυ-

141 2175 317 2228 μανόρεα
348 2175 600 2232 conjunctim
621 2176 832 2233 scriptum
866 2184 916 2219 ut
949 2176 991 2218 in
1027 2176 1138 2218 Rob.
1200 2178 1364 2219 Neutra
1399 2178 1605 2235 scriptura

144 2255 276 2284 metro
295 2242 504 2286 satisfacit.

202 2310 297 2365 851.
320 2312 489 2365 Δίμοιρα
508 2311 644 2354 τέλεια
662 2311 755 2354 τάδε
774 2311 879 2364 πάθη
900 2310 1117 2368 significat,
1140 2311 1230 2369 jam
1260 2312 1386 2354 finem
1414 2328 1501 2355 esse
1531 2313 1604 2355 ho-

143 2391 236 2418 rum
274 2377 476 2431 laborum,
512 2394 692 2436 quorum
735 2390 911 2436 uterque
943 2378 1120 2420 fratrum
1157 2395 1209 2421 ex
1242 2395 1366 2436 aequo
1396 2381 1604 2438 particeps

145 2443 268 2485 fuerit
283 2460 296 2496 3
329 2454 504 2502 uterque
525 2446 635 2487 enim
664 2461 839 2502 regnum
869 2446 1096 2502 appetivit3
1131 2456 1307 2503 uterque
1336 2448 1513 2490 alterum
1542 2449 1605 2490 in-

147 2512 332 2561 terfecit;
364 2523 540 2571 uterque
560 2514 614 2556 ab
634 2514 762 2556 altero
782 2514 1024 2556 interfectus
1043 2524 1117 2556 est.
1153 2516 1286 2557 SCH.

203 2579 296 2622 τάδε
315 2580 374 2621 A.
395 2589 437 2621 et
456 2580 543 2622 duo
560 2580 628 2622 alii
648 2595 742 2622 cum
765 2580 878 2622 Rob.
939 2580 1030 2622 Alii
1058 2580 1124 2622 vel
1154 2583 1204 2622 τὰ
1234 2583 1277 2623 δὲ
1306 2581 1383 2633 vel,
1414 2583 1530 2639 quod
1558 2583 1602 2625 in

147 2646 265 2688 Med.
286 2657 328 2688 et
350 2649 484 2689 Turn.
506 2656 581 2699 est,
602 2648 664 2690 τά.
723 2648 853 2690 Plane
872 2648 1027 2690 omittit
1047 2649 1217 2691 Barocc.
1237 2658 1279 2690 et
1299 2649 1405 2691 Ald.

205 2715 304 2768 852.
325 2716 458 2757 πόνων
477 2730 560 2757 om.
581 2715 695 2758 Rob.

204 2781 299 2836 853.
322 2781 469 2838 δόμων]
492 2782 669 2834 δομάτων
689 2783 800 2825 Rob.

205 2849 302 2903 854.
332 2850 438 2902 γόων
466 2850 576 2892 Rob.
607 2860 649 2892 et
678 2850 837 2907 aliquot
865 2850 984 2892 codd.
1045 2849 1241 2907 Plerique
1260 2852 1358 2905 γόον
1376 2866 1474 2893 cum
1493 2851 1601 2895 Ald-

150 2917 286 2959 Turn.

205 2985 299 3040 855.
331 2986 538 3038 πόμπιμος,
573 2986 656 3034 Qui
685 2986 824 3028 mittit.
886 2985 1157 3043 Intelligitur‚
1181 2985 1320 3039 credo,
1342 2994 1601 3030 mortuorum

833 3066 860 3094 D
880 3052 909 3094 d
