1898 3256
561 195 650 234 AD
684 193 1165 234 PROMETHEUM.
1550 196 1607 235 55

129 302 342 345 Heraclid.
362 314 465 359 507.

361 393 472 434 αὐτοὶ
491 393 535 433 δὲ
555 391 835 444 προστιθέντες
854 393 1043 435 ἄλλοισιν
1062 394 1220 442 πόνους,

359 460 489 514 παρὸν
508 463 726 508 σεσῶσθαι,
748 461 1006 514 φευξόμεσθα
1024 460 1078 513 μὴ
1099 464 1262 508 θανεΐν;

360 530 407 570 οὗ
428 526 522 579 δῆτ’,
546 528 636 569 ἐπεί
651 544 713 569 τοι
733 529 798 570 καὶ
815 528 991 582 γέλωτος
1010 529 1100 579 ἄξια

358 595 516 637 στένειν
534 596 609 647 μὲν
630 594 760 639 ἱκέτας
779 597 977 648 δαιμόνων
998 595 1241 648 καθημένους
1260 604 1336 637 etc.

185 719 286 764 347.
302 710 373 762 χαί
394 709 621 748 Porsonus.
652 706 716 748 καὶ
736 707 831 748 libri
852 722 990 749 errore
1010 707 1211 749 sollemni.

187 774 446 829 κασιγνήτου]
477 768 602 815 Atlas
620 783 682 815 est
701 773 831 816 frater
851 775 1091 817 Promethei
1112 775 1342 817 secundum
1366 776 1600 819 Hesiodum

130 845 352 902 Theogon.
372 858 471 900 509.
493 855 535 886 et
556 844 804 901 Apollodor.
828 859 864 896 1,
890 857 930 893 2,
952 857 994 899 3.
1030 844 1245 885 Diodorus
1278 843 1442 886 Siculus
1462 855 1600 886 autem

128 926 172 969 3,
195 916 266 955 60.
300 913 467 956 Saturni
488 913 658 954 fratrem
679 923 720 954 et
743 913 851 954 Coeli
871 911 1003 953 filium
1025 911 1138 953 facit.
1172 913 1306 954 SCH.

185 983 284 1038 348.
306 982 421 1035 πρὸς]
449 983 490 1026 ἐς
509 983 636 1023 DAEI.
659 981 772 1023 Rob.

185 1063 286 1105 349.
320 1050 460 1102 ἔστηκε
492 1054 584 1091 κίων
614 1050 783 1102 οὐρανοῦ
812 1065 855 1090 τε
886 1050 949 1090 καὶ
972 1049 1131 1103 χθονὸς,
1154 1050 1277 1101 ὥμοιν
1298 1050 1459 1102 ἐρείδων
1479 1050 1604 1103 ἄχθος

128 1118 198 1159 οὐκ
220 1117 444 1171 εὐάγκαλον
465 1116 576 1158 Rob.
631 1116 712 1158 Cui
734 1115 899 1158 lectioni
920 1128 962 1158 et
982 1116 1307 1173 interpunctioni
1338 1118 1462 1172 longe
1492 1132 1600 1173 prae·

129 1195 210 1227 stat
230 1186 415 1241 vulgata.

188 1252 284 1294 κίον’
306 1254 476 1307 οὐρανοῦ
496 1271 539 1295 τε
560 1255 623 1295 καὶ
641 1253 805 1307 χθονὸς]
834 1251 940 1293 Vide
955 1252 1008 1293 ad
1033 1268 1070 1292 v.
1091 1265 1193 1308 430.

184 1331 285 1377 350.
304 1322 426 1374 ὤμοιν
447 1322 560 1363 Rob.
581 1331 636 1372 et,
660 1331 707 1364 ut
728 1321 908 1371 videtur,
927 1321 994 1362 M.
1026 1321 1145 1373 ὤμοις
1164 1320 1269 1361 Ald.
1292 1322 1430 1362 Turn.
1455 1322 1601 1378 Steph.

127 1404 221 1430 cum
245 1389 475 1432 Plutarcho
497 1391 611 1432 Mor.
634 1406 678 1447 p.
701 1403 783 1446 923
809 1391 859 1431 C.

183 1471 283 1513 351.
304 1458 470 1514 γηγενῆ]
492 1458 742 1515 Apollodor.
769 1472 806 1509 1,
825 1459 865 1499 6.
884 1470 928 1512 3.
954 1466 1121 1498 secutus
1140 1466 1352 1498 auctorem
1377 1458 1599 1514 Theogon.

127 1525 224 1568 820.
248 1535 387 1567 narrat
408 1528 601 1578 Terram,
624 1536 719 1584 post
739 1525 966 1568 debellatos
986 1540 1011 1566 a
1032 1524 1192 1581 superis
1209 1524 1430 1581 Gigantas,
1450 1541 1475 1567 a
1493 1527 1601 1567 Tar-

128 1602 218 1634 taro
254 1593 468 1651 Typhona
502 1595 760 1652 concepisse:
808 1598 938 1650 atque
977 1593 1037 1635 ita
1076 1593 1202 1634 schol.
1243 1593 1285 1634 in
1327 1593 1493 1636 Platon.
1535 1594 1600 1635 ed.

128 1660 357 1703 Ruhnken.
373 1677 416 1718 p.
436 1675 506 1718 55.
538 1666 705 1705 Auctor
727 1678 824 1704 vero
846 1664 1008 1719 Hymn.
1032 1661 1254 1702 Homerid.
1271 1661 1312 1702 in
1335 1661 1479 1718 Apoll.
1497 1664 1599 1718 306.

127 1729 157 1769 J
163 1743 340 1770 unonem
362 1745 458 1771 eum
480 1731 686 1787 peperisse
707 1731 849 1781 tradit,
870 1729 1041 1786 quicum
1072 1729 1171 1770 facit
1195 1729 1455 1771 Stesichorus
1485 1730 1601 1787 apud

127 1797 316 1853 Etymol.
339 1798 407 1838 M.
429 1813 470 1854 p.
495 1809 592 1853 772,
610 1811 683 1854 50.
725 1798 954 1840 Scholiasta
975 1813 1074 1839 vero
1095 1796 1310 1838 Villoisoni
1329 1797 1382 1839 ad
1406 1797 1529 1839 Iliad.
1550 1803 1599 1849 B,

129 1864 229 1920 783.
259 1880 353 1906 eum
376 1881 426 1906 ex
458 1881 539 1906 ovo
567 1866 756 1921 genitum
781 1865 908 1907 fuisse
937 1865 1010 1916 ait,
1031 1881 1118 1921 quo
1137 1866 1168 1906 J
1174 1880 1352 1906 unonem
1374 1865 1603 1907 donaverat

128 1934 347 1975 Saturnus.
392 1934 543 1975 Cetera
562 1934 615 1975 de
637 1934 851 1991 Typhone
873 1934 1042 1977 historia
1063 1934 1152 1975 haec
1172 1946 1246 1975 est.
1284 1936 1427 1985 Quum
1448 1934 1600 1976 coelum

127 2000 292 2050 invasit,
313 2001 370 2042 dii
401 2017 490 2058 prae
519 2012 633 2043 metu
665 2002 705 2043 in
730 2003 973 2059 AEgyptum
1004 2002 1301 2058 confugerunt,
1324 2002 1477 2044 relictis
1506 2011 1601 2044 tan·

128 2079 217 2110 tum
239 2069 350 2110 Jove
375 2079 417 2110 et
445 2069 666 2118 Minerva;
700 2069 758 2111 ibi
784 2085 897 2121 vero,
925 2079 972 2111 ut
1003 2080 1233 2111 monstrum
1266 2069 1497 2121 eluderent,
1519 2071 1602 2112 for-

127 2150 215 2177 mas
242 2136 311 2177 alii
335 2136 454 2178 aliter
474 2147 704 2188 mutarunt,
730 2147 776 2179 ut
792 2153 843 2179 ex
862 2137 1076 2179 Nicandro
1097 2137 1225 2179 tradit
1242 2137 1450 2180 Antonin.
1475 2138 1602 2180 Libe-

124 2202 197 2245 ral.
222 2205 291 2246 28.
324 2204 452 2246 Ovid.
476 2206 586 2247 Met.
608 2218 650 2260 5,
676 2218 771 2261 290.
823 2205 996 2262 Jupiter
1025 2216 1165 2247 autem
1190 2205 1406 2262 Typhona
1431 2205 1602 2263 fulgure

126 2272 339 2328 percussit,
361 2273 519 2330 diuque
538 2274 764 2324 insecutus,
782 2283 923 2315 monte
938 2273 1105 2314 tandem
1128 2274 1302 2314 AEtnaeo
1322 2273 1478 2315 obruit.
1516 2274 1600 2316 Sed

127 2345 379 2390 στασιάζεται
413 2343 437 2394 ἡ
466 2344 556 2396 περὶ
589 2347 782 2396 Τυφῶνος
818 2344 985 2395 ἱστορία,
1022 2341 1160 2398 inquit
1188 2342 1315 2384 schol.
1349 2343 1391 2384 in
1427 2342 1601 2384 Pindar.

127 2407 256 2463 Pyth.
283 2422 321 2459 1,
341 2422 411 2464 31.
446 2411 661 2451 Homerus
687 2410 808 2452 Iliad.
830 2414 877 2461 B,
902 2411 997 2464 78¹.
1025 2414 1127 2452 Γαΐα
1152 2409 1183 2451 δ’
1205 2410 1507 2465 ὑπεστονάχιζε,
1533 2411 1601 2452 Διὶ

129 2476 181 2519 ὡς
209 2478 496 2533 τερπικεραύνῳ
526 2477 726 2534 Χωομένῳ
756 2479 823 2519 ὅτε
853 2476 884 2518 τ’
907 2478 1008 2531 ἀμφὶ
1027 2478 1193 2531 Τυφωέϊ
1211 2482 1332 2532 γαῖαν
1353 2478 1504 2535 ἱμάσσῃ
1526 2481 1602 2520 Εἰν

125 2542 315 2595 Ἀρίμοις,
337 2545 401 2584 ὅθι
428 2546 532 2597 φασὶ
550 2546 743 2600 Τυφωέος
768 2546 933 2598 ἔμμεναι
963 2545 1093 2589 εὐνάς.
1125 2545 1199 2587 ubi
1228 2546 1270 2586 in
1300 2546 1427 2587 schol.
1451 2547 1599 2587 Venet.

126 2626 205 2667 pro
218 2612 368 2664 Τυφὼν
386 2613 430 2652 δὲ
450 2613 506 2656 εἷς
534 2617 613 2655 τῶν
631 2613 843 2667 γιγάντων,
866 2617 944 2666 Γῆς
974 2613 1031 2655 ὢν
1056 2615 1186 2667 κύριος
1216 2614 1281 2656 καὶ
1299 2614 1521 2668 Ταρτάρου,
1544 2616 1600 2655 le-

126 2678 310 2735 gendum
340 2687 415 2727 est,
447 2682 525 2731 Γῆς
545 2681 601 2722 ὢν
629 2681 713 2725 υἱὸς
737 2682 800 2723 καὶ
825 2681 1043 2735 Ταρτάρου.
1096 2682 1341 2739 AEschylus,
1366 2682 1599 2725 Pindarum

126 2757 307 2798 secutuS,
328 2747 504 2788 AEtnam
528 2749 731 2805 Typhoni
756 2750 989 2806 impositam
1021 2761 1176 2801 narrat,
1198 2750 1481 2792 Callimachus
1511 2753 1601 2793 En-

125 2815 283 2864 celado,
321 2815 527 2856 Horatius
559 2815 817 2872 Gigantibus
845 2831 890 2873 3,
922 2832 964 2871 4.
997 2818 1360 2876 Pherecydesap.
1395 2819 1520 2862 schol.
1556 2820 1599 2862 in

125 2882 323 2940 Apollon.
347 2895 387 2934 2,
410 2896 529 2938 1215.
563 2884 776 2940 Typhona
797 2885 876 2926 sub
891 2885 1026 2927 insula
1044 2885 1269 2928 Pithecusa
1283 2887 1423 2943 jacere
1443 2888 1598 2936 tradit;

123 2950 190 2992 alii
222 2951 263 2992 in
287 2952 497 3008 AEgypt0‚
522 2963 567 2993 ut
591 2952 796 2994 Herodot.
818 2966 862 3008 3,
883 2966 924 3008 5.
958 2953 1212 3010 Apollonius
1241 2955 1332 2998 loco
1360 2956 1510 2998 citato:
1543 2957 1599 2998 cf.
