1898 3256
673 241 760 282 AD
794 241 1046 282 PERSAS.
1511 240 1593 279 281

124 354 298 412 aliisque
329 355 540 397 nonnullis
570 364 753 397 sumtum
776 365 860 396 est:
894 353 1083 410 plerique
1109 353 1403 405 γναμπτόμενοι
1435 361 1481 393 ut
1502 350 1597 392 edd.

125 433 222 465 ante
243 422 518 465 Brunckium.

183 491 215 534 δ’
237 507 320 534 om.
343 491 445 533 Ald.
469 492 580 534 Rob.

185 562 293 615 δεινᾷ
329 561 473 618 Steph.
504 560 856 603 consentientibus
890 557 1103 600 codicibus
1137 566 1179 597 et
1213 555 1443 598 scholiasta,
1489 558 1600 598 δεινὰ

127 629 228 671 Ald.
253 629 362 671 Rob.
387 632 526 672 Turn.

183 709 281 753 577.
305 697 564 754 σκύλλονται]
585 699 799 740 σκύλονται
820 697 886 737 M.
909 704 950 736 et
971 694 1058 735 duo
1078 692 1160 734 alii.

186 767 382 823 ἀναύδων]
438 768 698 824 Perpetuum
748 765 923 822 piscium
967 762 1195 820 epitheton.
1259 761 1483 817 Sophocles
1528 776 1596 817 ap.

128 833 286 876 Athen.
313 844 350 888 7,
372 850 415 891 p.
440 846 534 890 277.
558 837 614 877 A.
637 834 768 888 Χορὸς
789 833 819 875 δ’
843 833 1022 874 ἀναύδων
1043 832 1189 886 ἰχθύων
1217 831 1437 883 ἐπερρόθει.
1491 830 1599 871 Phe-

125 912 302 945 reci-ates
331 903 432 947 ibid.
460 919 502 960 p.
533 905 628 958 287.
654 905 713 945 A.
750 900 938 959 Etymol.
971 901 1038 941 Μ.
1071 916 1113 957 p.
1138 901 1235 948 218,
1263 914 1332 955 31,
1365 901 1406 940 τί
1437 904 1596 952 ληρεῖς;

128 971 238 1013 ἀλλὰ
266 972 405 1026 φωνὴν
433 973 504 1014 οὐκ
532 972 641 1028 ἔχειν
668 971 803 1027 Ἰχθῦν
832 987 881 1024 γε
906 969 1009 1024 φασὶ
1032 970 1078 1010 τὸ
1106 968 1294 1022 παράπαν
1310 986 1320 1015 ;
1355 967 1401 1019 νὴ
1427 968 1479 1008 τὼ
1507 968 1599 1008 θεώ.

129 1039 235 1082 Κούκ
275 1040 385 1083 ἔστιν
425 1043 537 1096 ἰχθῦς
576 1042 702 1085 ἄλλος
749 1040 876 1084 οὐδεὶς
917 1037 941 1091 ἢ
988 1037 1092 1090 βόαξ
1135 1039 1306 1092 (φωνεῖν
1346 1035 1598 1088 δυνάμενος.)

129 1109 365 1151 BLOMF.

185 1178 252 1233 ἠὲ]
275 1178 322 1230 ἠὲ
340 1179 387 1230 ἠὲ
407 1178 494 1220 (1υο
513 1177 637 1220 codd.
658 1187 700 1219 et
721 1177 835 1220 Rob.

186 1246 285 1301 578.
317 1249 386 1290 τᾶς
407 1246 613 1302 ἀμιάντου]
637 1244 774 1288 Schol.
797 1245 947 1297 δηλαδὴ
968 1244 1192 1296 θαλάσσης.
1238 1244 1285 1285 οὐ
1307 1245 1384 1297 γὰρ
1404 1243 1601 1294 μιαίνεται

130 1314 302 1363 πώποτε,
326 1315 389 1356 καὶ
417 1319 585 1357 πολλῶν
612 1313 879 1367 μολυσμάτων
910 1312 1179 1367 ἐπιχυθέντων
1208 1313 1321 1369 αὐτῇ.
1374 1311 1458 1352 Sed
1489 1326 1601 1353 mare

130 1383 321 1435 ἀμίαντον
350 1382 508 1425 dictum
541 1382 721 1434 videtur,
741 1381 841 1439 quia
869 1396 1034 1423 omnem
1063 1381 1346 1438 impuritatem
1377 1379 1598 1422 abluebat:

128 1465 223 1492 nam
247 1450 455 1493 Θάλασσα
477 1452 607 1501 κλύζει
626 1450 756 1492 πάντα
775 1452 1016 1505 τάνθρώπων
1037 1451 1149 1492 κακά.
1192 1450 1434 1493 Scholiastae
1454 1450 1600 1492 obver-

129 1518 298 1560 sabatur
329 1518 452 1561 Iliad.
474 1523 524 1570 A,
545 1532 644 1574 314.
671 1520 725 1562 Οἱ
751 1518 783 1561 δ’
814 1521 1144 1573 ἀπελυμαίνοντο,
1170 1521 1233 1562 καὶ
1264 1522 1319 1563 εἰς
1349 1518 1430 1560 ἅλα
1459 1520 1600 1571 λύματ’

130 1586 326 1639 ἔβαλλον.
358 1587 594 1630 BLOMF.

186 1667 284 1711 579.
307 1655 424 1708 δόμος
444 1657 660 1712 στερηθείς]
683 1644 982 1711 δΟΙιοστῘεςρηθεὶς
1004 1658 1070 1699 Μ.

184 1723 284 1778 580.
306 1724 440 1770 τοκέες
459 1726 684 1767 Porsonus.
717 1729 852 1777 τοκῆες
872 1725 980 1767 libri.

188 1792 292 1834 Post
323 1793 484 1836 ἄπαιδες
511 1793 553 1834 in
586 1795 642 1835 A.
676 1793 866 1835 additum
901 1794 1073 1847 ἔρανται,
1111 1792 1226 1849 quod
1263 1792 1303 1833 in
1338 1793 1390 1833 B.
1427 1791 1601 1848 aliisque

129 1859 341 1901 codicibus
371 1870 412 1901 et
442 1860 546 1902 Ald.
579 1860 691 1902 Rob.
726 1861 909 1914 ἔρρανται
942 1860 1142 1917 scriptum
1174 1870 1251 1909 est,
1282 1859 1323 1900 in
1362 1859 1428 1899 M.
1459 1868 1600 1900 autem

130 1942 226 1969 cum
246 1928 439 1984 proximo
458 1928 664 1970 vocabulo
683 1929 836 1971 coaluit
854 1930 1016 1972 ἄπαιδες
1036 1930 1171 1982 ἐραδαι
1197 1927 1203 1984 Ι
1229 1929 1400 1982 μονιᾶχη
1422 1929 1483 1968 ὀᾶ.
1547 1928 1599 1968 In

133 1998 270 2038 Turn.
295 1997 477 2051 ἔρρανται
498 1999 542 2039 ἐν
562 1998 724 2051 δάκρυσι
744 1997 1036 2054 interpolatum
1055 2013 1064 2038 z
1097 1996 1210 2053 quod
1241 2005 1407 2037 secutus
1428 2005 1488 2037 est
1511 1997 1601 2037 Ste-

131 2065 311 2123 phanus,
331 2065 452 2122 cujus
469 2065 559 2107 haec
585 2076 646 2107 est
667 2065 879 2107 annotatio
899 2070 926 2089 “
946 2065 998 2106 In
1021 2064 1272 2121 quibusdam
1294 2063 1600 2121 exemplaribus

133 2133 287 2191 legitur
306 2137 443 2186 τοκῆες
464 2133 494 2176 δ’
518 2135 680 2178 ἄπαιδες
705 2136 748 2176 ἐν
771 2134 934 2188 δάκρυσι
964 2133 1049 2174 sine
1065 2133 1193 2174 verbo
1224 2133 1419 2186 ἔρρανται,
1442 2131 1483 2172 in
1505 2131 1600 2188 qui-

131 2202 303 2245 busdam
326 2213 470 2244 contra
490 2196 673 2257 ἔρρανται
703 2203 789 2244 sine
818 2203 897 2244 illis
914 2203 1079 2244 duabus
1099 2202 1271 2243 vocibus
1292 2202 1336 2242 ἐν
1357 2200 1534 2254 δάκρυσι,
1557 2199 1598 2240 in

130 2271 339 2313 nonnullis
367 2287 466 2313 vero
495 2272 581 2313 sine
614 2271 831 2328 utroque.''
891 2271 1089 2312 Alienum
1121 2271 1174 2312 ab
1200 2270 1278 2311 hoe
1306 2268 1397 2310 loco
1424 2268 1597 2309 verbum

130 2355 219 2383 esse
250 2340 368 2382 metri
398 2340 550 2381 indicio
580 2339 741 2381 monuit
773 2339 999 2390 Heathius,
1028 2338 1166 2380 versui
1198 2349 1298 2393 571.
1335 2335 1598 2377 inferendum

131 2424 218 2450 esse
261 2408 435 2465 conjecit
472 2409 756 2449 Hermannus.
818 2409 921 2449 Post
960 2408 1122 2450 ἄπαιδες
1173 2404 1390 2447 scholiasta
1429 2419 1599 2460 quoque

130 2476 245 2533 legit,
265 2478 303 2518 οἱ
323 2479 457 2528 τοκῆες
477 2477 518 2517 δὲ
541 2476 604 2517 καὶ
625 2478 662 2517 οἱ
681 2480 814 2528 γονεῖς
829 2477 867 2516 οἱ
886 2475 1071 2528 γέροντες
1093 2475 1276 2527 ἔρρανται
1298 2472 1361 2513 καὶ
1380 2471 1600 2525 βρέχονται

130 2551 211 2590 τοῖς
231 2545 432 2599 δάκρυσιν,
453 2544 681 2599 ὀδυρόμενοι
701 2547 750 2586 τὰ
771 2546 815 2585 ἐκ
835 2548 903 2585 τοῦ
924 2546 1107 2595 δαίμονος
1138 2543 1200 2583 καὶ
1230 2545 1297 2592 τῆς
1326 2541 1445 2593 τύχης
1465 2541 1596 2582 αὐτοῖς

131 2612 354 2656 ἐπελθόντα
373 2614 475 2668 ἄχθη
497 2613 541 2654 τὸ
563 2616 642 2654 πᾶν
664 2613 709 2664 δὴ
731 2614 895 2653 κλύουσι
917 2611 980 2652 καὶ
999 2610 1271 2662 μανθάνουσιν
1292 2610 1400 2663 ἄχος.

189 2683 286 2737 582.
309 2680 513 2735 δυρόμενοι
535 2682 600 2721 M.
633 2679 861 2733 ὀδυρόμενοι
882 2678 1021 2734 vulgo.

186 2750 242 2804 58
246 2763 285 2805 3.
309 2749 510 2804 κλύουσιν]
532 2766 594 2802 γρ.
618 2749 804 2791 κλύοντες
826 2749 876 2788 Β.
909 2745 1068 2788 κλύουσ’
1094 2746 1203 2786 Rob.

187 2818 285 2871 584.
316 2817 402 2872 δὴν]
434 2817 507 2868 θὴν
537 2815 800 2858 scribendum
824 2814 952 2856 videri
968 2814 1054 2855 dixi
1075 2813 1117 2854 in
1153 2812 1351 2870 Stephani
1376 2812 1597 2854 Thesauro

131 2883 211 2925 vol.
233 2898 273 2935 4.
298 2900 336 2940 p.
359 2886 460 2939 364.

187 2953 286 3007 585.
306 2953 375 2994 οὐκ
397 2952 470 3007 ἔτι]
491 2952 572 2994 οὐδ’
594 2952 651 2993 ἔτι
671 2950 830 3007 aliquot
848 2950 956 2991 libri.

821 3032 850 3058 x
873 3033 899 3059 n
