1898 3256
340 263 428 305 AD
461 262 716 304 SEPTEM
748 260 1079 303 ADVERSUS
1112 259 1383 301 THEBAS.
1513 258 1595 300 131

132 373 403 424 meminerim,
423 389 449 415 a
468 388 534 414 me
554 381 779 429 repertum,
800 371 980 414 mirabar
1000 371 1141 428 legens
1168 372 1211 413 in
1232 371 1450 428 Aristoph.
1471 372 1597 427 Vesp.

131 443 228 496 456.
255 442 345 495 οὐχὶ
365 441 503 483 σοῦσθ’
527 442 567 484 ἐς
587 442 777 494 κόρακας;
810 439 937 482 schol.
960 441 1149 494 ὁρμᾶσθε,
1172 440 1430 493 πορεύεσθε.”
1477 439 1598 480 Hac-

133 520 254 550 tenus
284 508 346 550 vir
375 509 592 565 egregius;
625 508 699 565 qui
729 518 867 549 tamen
892 507 1053 550 fallitur
1075 507 1128 549 de
1157 507 1287 549 verbo
1313 509 1461 555 σούειν,
1483 505 1600 563 quod

131 577 246 632 apud
263 576 430 618 Atticos
445 591 662 632 nunquam
683 576 886 618 exstabat.
936 575 1181 617 Callimach.
1205 576 1267 616 H.
1292 575 1400 616 Lav.
1423 573 1533 616 Pall.
1555 587 1597 627 4.

134 643 290 684 Σοῦσθέ
307 661 390 691 νυν,
413 644 442 684 ὦ
463 642 618 694 ξανθαὶ,
642 646 791 684 σοῦσθε
814 647 850 683 Π
857 641 1107 696 ελασγιάδες.
1156 641 1465 684 Valckenaerius
1484 650 1601 683 nota-

134 711 194 752 vit
215 710 467 752 rarissimum
490 714 599 762 σοῦς,
621 710 875 751 Laconicum
906 725 984 767 pro
1003 714 1145 764 ταχεῖα
1165 709 1278 763 ὁρμὴ,
1301 719 1405 751 teste
1425 710 1601 751 Platone

136 778 295 835 Cratyl.
327 795 368 835 p.
390 793 474 830 412
498 780 549 821 B.
570 778 687 835 quod
716 778 1018 820 restituendum
1043 777 1259 835 Hesychio
1277 793 1355 834 pro
1374 781 1526 825 σοῦσις,
1549 792 1601 818 ex

137 846 311 887 Schowii
342 846 571 888 collatione.
633 847 687 887 In
720 845 913 902 Sophocl.
943 845 1143 887 Trachin.
1165 847 1265 901 645.
1296 848 1435 887 σοῦται
1465 844 1603 902 legen-

135 913 237 955 dum
259 930 335 971 pro
356 918 504 956 σεῦται.
539 915 773 956 BLOMF.

191 995 261 1037 34.
284 983 326 1024 εὖ
351 982 550 1037 θαρσεῖτε]
570 983 799 1036 εὐθαρσεῖτε
821 982 968 1037 Steph.
1002 983 1191 1024 Frustra.
1226 981 1373 1038 Suppl.
1390 983 1488 1023 600.
1511 984 1604 1035 θαρ-

137 1053 256 1098 σεῖτε,
278 1053 426 1097 παῖδες,
450 1051 505 1091 εὖ.
541 1063 664 1105 1015.
688 1051 782 1102 ἐμῆς
802 1049 834 1091 δ’
856 1051 1014 1103 ὀπώρας
1033 1049 1159 1092 οὕνεκ’
1183 1051 1226 1092 εὖ
1247 1050 1400 1103 θάρσει,
1421 1049 1560 1103 πάτερ.

193 1118 264 1173 36.
308 1117 565 1172 κατοπτῆρας]
607 1121 829 1171 κατοπτῆρα
864 1119 929 1158 Μ.
980 1119 1167 1159 Joannes
1207 1117 1398 1159 Cinnam.
1441 1117 1602 1159 Histor.

136 1200 180 1241 p.
206 1196 284 1240 157
309 1186 367 1227 D.
390 1188 633 1238 κατοπτῆρας
652 1187 727 1237 μὲν
748 1187 812 1227 καὶ
832 1185 1016 1233 σκοποὺς,
1039 1188 1159 1228 ὁποῖα
1181 1187 1363 1233 εἴθισται,
1387 1187 1442 1229 εἷς
1462 1185 1505 1226 τὸ
1526 1189 1605 1227 τῶν

137 1256 338 1306 πολεμίων
371 1253 547 1294 καθιέναι
582 1253 805 1306 στράτευμα
834 1254 977 1305 ἥκιστα
1012 1255 1220 1307 σύμφορον
1253 1253 1367 1307 ἔγνω.
1416 1252 1491 1309 qui
1525 1252 1605 1294 loci

139 1321 355 1377 AEschylei
403 1320 645 1362 recordatus
691 1324 933 1374 κατοπτῆρας
980 1321 1133 1362 dixisse
1178 1321 1344 1363 videtur
1382 1337 1488 1378 quos
1536 1319 1605 1362 alii

141 1390 331 1432 κατόπτας
351 1398 510 1429 vocant.

195 1470 263 1512 39.
293 1455 541 1512 Ἐτεόκλεες]
560 1456 771 1501 Ἐτέοκλες
789 1456 949 1513 aliquot
969 1457 1092 1499 codd.
1112 1467 1154 1499 et
1175 1457 1275 1499 Ald.
1300 1458 1412 1499 Rob.
1474 1459 1606 1499 Hune

139 1539 300 1565 versum
336 1523 523 1565 imitatur
562 1524 740 1581 Eupolis
778 1525 892 1581 apud
933 1525 1060 1566 schol.
1095 1525 1313 1582 Aristoph.
1348 1527 1445 1567 Pac.
1482 1526 1606 1578 1046.

137 1591 366 1645 Ἱερόκλεες,
389 1591 579 1643 βέλτιστε
598 1596 842 1649 χρησμῳδῶν
862 1594 973 1644 ἄναξ,
998 1602 1045 1634 ut
1064 1593 1242 1635 indicavi
1272 1593 1313 1634 in
1340 1593 1607 1635 annotatione

139 1660 193 1702 ad
223 1659 350 1701 schol.
380 1659 598 1716 Aristoph.
620 1660 701 1701 vol.
731 1674 775 1715 3.
807 1676 850 1717 p.
870 1661 969 1715 498.
998 1662 1060 1703 ed.
1084 1661 1201 1718 Lips.
1253 1664 1449 1718 Apparet
1477 1661 1608 1718 igitur

142 1727 316 1769 vocativi
331 1742 446 1768 exem
454 1727 522 1783 plo
537 1727 616 1768 isto
634 1726 853 1781 Ἰερόκλεες
868 1728 970 1768 nihil
986 1729 1169 1784 praesidii
1189 1739 1383 1785 paratum
1401 1745 1488 1770 esse
1503 1730 1607 1770 infe-

143 1796 208 1837 lici
238 1795 495 1836 Valckenarii
519 1795 717 1850 (Diatrib.
751 1796 950 1852 Euripid.
987 1812 1029 1853 p.
1063 1799 1184 1852 252.)
1220 1796 1272 1837 de
1306 1796 1396 1838 loco
1422 1796 1607 1853 quodam

144 1862 367 1920 Eupolidis
407 1862 554 1915 Δήμων
592 1863 842 1918 conjecturae
882 1865 945 1905 καὶ
983 1863 1114 1916 μηκέτ’
1148 1865 1252 1915 ὦναξ
1293 1865 1512 1907 Μιλτίαδες
1544 1864 1608 1906 καὶ

144 1932 374 1984 Περίκλεες,
395 1930 518 1972 etiam
537 1930 627 1972 aliis
646 1931 699 1972 de
718 1931 871 1972 caussis
890 1931 1179 1988 reprobandae.

199 2011 270 2053 43.
302 1999 432 2039 Hunc
452 2013 616 2039 versum
638 2007 680 2039 et
700 2007 783 2039 tres
813 1997 1001 2054 proxime
1029 2008 1248 2054 sequentes
1267 1999 1365 2040 citat
1387 1999 1609 2056 Longinus

143 2083 186 2107 π.
207 2068 245 2107 ὑ.
269 2066 306 2119 ξ.
333 2076 398 2120 15.
449 2066 502 2106 In
531 2065 671 2106 codice
701 2065 792 2120 ejus
811 2065 1011 2106 Vaticano
1037 2079 1130 2120 194.
1163 2066 1370 2118 scribitur,
1395 2069 1450 2110 εἰς
1477 2067 1609 2119 μέλαν

145 2158 194 2182 σε
222 2143 291 2181 τοῦ
322 2141 447 2183 κύκος.
478 2149 519 2180 et
549 2139 590 2180 in
623 2139 753 2181 Vatic.
779 2150 903 2194 1471.
935 2142 990 2183 εἷς
1019 2141 1151 2193 μέλαν
1181 2158 1231 2182 σε
1264 2142 1309 2183 τὸ
1337 2130 1460 2185 οῗάκος
1496 2141 1607 2197 (sic).

147 2206 389 2263 Suspicetur
403 2207 542 2248 forsan
558 2207 708 2263 aliquis
722 2209 778 2251 εἷς
791 2207 1037 2260 μελάνδετον
1051 2209 1176 2252 κύτος.
1210 2209 1331 2250 Infra
1340 2222 1438 2264 495.
1454 2224 1608 2251 memo-

145 2286 261 2317 ratur
290 2274 423 2331 clypei
454 2275 690 2327 περίδρομον
719 2275 845 2322 κύτος,
875 2275 1028 2331 Eurip.
1052 2275 1207 2316 Electr.
1229 2287 1329 2330 472.
1359 2277 1608 2332 περιπλεύρῳ

147 2344 262 2389 κύτει,
283 2341 312 2382 i.
333 2357 367 2382 e.
388 2342 541 2398 clypeo.
573 2341 749 2397 Antiop.
769 2342 823 2382 fr.
844 2355 885 2396 3.
916 2343 1083 2386 ἀσπίδος
1110 2344 1227 2384 κύτει.
1280 2343 1362 2385 Sed
1388 2343 1509 2387 σάκος
1535 2344 1609 2384 ha-

147 2411 261 2460 bent,
291 2419 441 2465 praeter
471 2409 654 2464 Longin.
674 2408 701 2449 l.
722 2425 759 2450 c.
785 2409 963 2450 Aristid.
987 2409 1068 2451 vol.
1094 2423 1133 2451 2.
1165 2425 1261 2466 pag.
1282 2420 1383 2465 317.
1417 2412 1609 2452 Stobaeus

150 2491 191 2530 7,
223 2490 288 2518 11.
323 2476 447 2517 schol.
476 2477 648 2517 Barocc.
678 2475 719 2516 in
748 2476 898 2532 Eurip.
932 2478 1069 2518 Orest.
1097 2478 1194 2532 819.
1230 2477 1356 2519 schol.
1388 2478 1608 2533 Aristoph.

151 2544 328 2601 Lysistr.
366 2545 455 2598 189.
492 2542 787 2599 Aristophanis
817 2542 954 2583 locum
991 2543 1185 2599 deinceps
1220 2544 1475 2586 adscribam:
1516 2545 1606 2586 Τίν’

149 2613 267 2663 ὅρκον
296 2611 482 2663 ὁρκώσεις
509 2608 597 2650 ποθ’
628 2610 750 2661 ἡμᾶςς
783 2612 831 2649 Λ.
855 2610 1015 2656 ὅντινα;
1047 2612 1117 2653 Εἷς
1144 2610 1293 2661 ἀσπίδ’,
1325 2612 1458 2664 ὥσπερ
1484 2614 1610 2665 φησὶν

150 2678 309 2734 [φασὶν]
331 2678 533 2730 Αἰσχύλος
552 2678 660 2724 ποτὲ,
684 2679 1058 2730 Μηλοσφαγούσας.
1091 2678 1326 2720 BLOMF.

209 2745 264 2800 ἐς]
285 2747 341 2788 εἷς
362 2744 566 2785 Stobaeus.

206 2811 466 2865 μελάνδετον]
488 2811 636 2866 Nigro
663 2813 735 2862 (sc.
754 2810 882 2863 ferro)
908 2811 1109 2852 vinctum.
1158 2812 1398 2868 Hesychius
1417 2813 1611 2870 explicat,

150 2880 195 2920 τὸ
214 2879 410 2931 μέλαιναν
436 2878 532 2931 ἔχον
558 2877 707 2928 λαβήν.
755 2876 892 2917 Schol.
925 2878 974 2917 A.
997 2877 1203 2929 observat,
1223 2879 1268 2919 τὸ
1297 2879 1540 2931 μελάνδετον
1570 2884 1613 2923 δὲ

153 2951 281 2990 καλῶς
313 2945 466 2999 (ἂν)ἐπὶ
495 2945 634 2997 ξίφους
662 2945 811 2997 ῥηθείη,
846 2943 910 2984 ἐπὶ
945 2945 988 2985 δὲ
1017 2944 1163 2988 σάκους
1191 2946 1381 2999 παρέλκει
1410 2948 1456 2988 τὸ
1483 2947 1611 2991 δέτον.

154 3015 261 3065 Vox,
291 3012 443 3069 saepius
471 3011 525 3052 de
549 3026 644 3052 ense
671 3011 820 3067 posita,
852 3010 964 3052 haud
991 3011 1088 3053 alibi
1119 3012 1172 3054 de
1201 3013 1350 3069 clypeo
1372 3014 1609 3059 adhibetur.

850 3091 875 3117 R
901 3089 924 3118 2
