1898 3256
650 686 1086 742 PERSAE.

495 1018 548 1066 C.
569 1017 629 1065 G.
646 1016 882 1066 Schuetzii
903 1015 1245 1080 Proleyomena.

143 1168 219 1223 IN
250 1177 422 1220 historia
446 1177 543 1219 belli
564 1177 735 1227 Persici,
755 1192 778 1218 e
804 1192 888 1233 qua
914 1175 1129 1233 tragoediae
1152 1175 1280 1232 hujus
1306 1181 1598 1230 argumentum

141 1246 286 1288 sumsit
315 1246 558 1302 AEschylus,
590 1246 723 1287 multa
752 1261 855 1295 esse,
886 1245 928 1286 in
959 1244 1113 1301 quibus
1143 1252 1267 1301 poeta
1298 1242 1352 1284 ab
1382 1240 1600 1290 historicis,

140 1314 380 1356 nominatim
420 1313 652 1364 Herodoto,
683 1312 910 1363 dissentiat,
946 1312 1066 1354 facile
1099 1309 1439 1368 deprehenditur.
1502 1307 1599 1350 Pri-

140 1396 254 1423 mum
285 1381 326 1423 in
357 1380 609 1438 populorum
639 1380 717 1422 sub
739 1380 886 1421 Xerxe
916 1379 1120 1436 stipendia
1146 1377 1406 1428 merentium,
1426 1376 1602 1417 ducum-

140 1465 223 1506 que
242 1460 283 1491 et
302 1450 598 1506 imperatorum
630 1447 868 1490 nominibus
896 1462 1043 1504 parum
1075 1446 1111 1488 ei
1139 1461 1234 1488 cum
1262 1444 1482 1486 Herodoto
1502 1459 1601 1486 con-

139 1517 265 1559 venit.
328 1516 548 1558 Herodoto
578 1515 686 1558 enim
720 1515 752 1556 si
787 1515 993 1557 credimus
1032 1518 1090 1569 (7,
1119 1517 1169 1556 61
1200 1516 1309 1570 sqq.)
1343 1514 1384 1554 in
1416 1511 1600 1554 exercitu

142 1583 303 1626 Xerxis
323 1583 461 1624 Persis
479 1583 650 1639 praefuit
671 1584 826 1625 Otanes
846 1583 1054 1624 Amastris
1073 1582 1197 1632 filius,
1219 1579 1361 1622 Medis
1382 1579 1600 1636 Tigranes,

143 1651 285 1694 Cissiis
317 1651 529 1708 Anaphes,
553 1650 777 1708 Hyrcaniis
808 1651 1095 1706 Megapames,
1122 1646 1303 1704 Assyriis
1333 1647 1490 1702 Otapes
1517 1646 1604 1686 Ar-

143 1719 290 1761 tachaei
318 1718 443 1770 filius,
474 1718 651 1760 Bactriis
680 1720 926 1775 HystaspeS,
956 1716 1076 1757 Indis
1109 1713 1454 1762 Pharnazathres,
1486 1711 1603 1753 Ariis

145 1787 365 1837 Sisamnes,
398 1786 567 1827 Parthis
600 1795 641 1827 et
670 1784 922 1827 Chorasmiis
952 1783 1206 1833 Artabazus,
1240 1780 1391 1837 Sogdis
1421 1781 1600 1830 Azanes,

145 1854 352 1897 Gandaris
377 1864 418 1896 et
445 1853 616 1895 Dadicis
635 1853 888 1910 Artyphius,
911 1850 1074 1907 Caspiis
1094 1849 1386 1899 Ariomardus,
1410 1847 1606 1903 Sarangis

145 1922 442 1973 Pherendates,
473 1921 700 1977 Pactyibus
731 1923 929 1977 Artynes,
954 1918 1068 1960 Utiis
1097 1928 1138 1960 et
1168 1917 1310 1974 Mycis
1339 1918 1605 1966 Arsamenes‚

146 1989 371 2033 Paricaniis
393 1989 640 2040 Siromitres,
663 1988 878 2031 Arabibus
897 1997 939 2030 et
961 1985 1235 2042 AEthiopibus
1256 1986 1468 2033 Arsames,
1486 1982 1606 2024 Afris

67 2110 76 2118 ‘
145 2060 376 2115 Massages,
413 2055 754 2113 Paphlagonibus
793 2066 834 2098 et
875 2054 1075 2097 Matienis
1114 2055 1266 2104 Dotus,
1300 2050 1604 2108 Mariandynis,

146 2127 355 2184 Ligyibus
382 2135 424 2168 et
458 2125 573 2183 Syris
604 2125 798 2181 Gobryas
827 2132 869 2165 et
897 2124 1161 2180 ArtystoneS,
1183 2119 1427 2177 Phrygibus
1451 2128 1492 2161 et
1522 2120 1607 2160 Ar-

144 2195 274 2236 menis
304 2194 570 2245 Artochmes‚
609 2193 744 2250 Lydis
782 2200 824 2233 et
857 2190 994 2247 Mysis
1032 2188 1334 2246 Artaphernes,
1368 2186 1607 2228 Thracibus

146 2263 354 2312 Bassacae,
378 2261 567 2303 Lasoniis
587 2272 665 2303 etc.
688 2259 857 2310 Badres,
881 2258 1068 2300 Moschis
1087 2273 1134 2299 ac
1151 2255 1373 2298 Tibarenis
1392 2254 1607 2296 Ariomar-

145 2329 238 2379 dus,
270 2329 543 2371 Macronibus
570 2337 612 2370 et
642 2325 900 2384 Mosynoecis
929 2327 1171 2382 Artayctes‚
1199 2324 1397 2365 Maribus
1430 2333 1472 2364 et
1506 2322 1605 2364 Col-

145 2396 234 2438 chis
253 2396 549 2447 Pharendates,
566 2394 780 2437 Alarodiis
799 2402 840 2435 et
857 2393 1094 2450 Saspiribus
1115 2391 1344 2441 Masistius,
1364 2390 1605 2431 Insularum

146 2463 271 2505 maris
289 2463 504 2520 Erythraei
523 2462 666 2504 incolis
687 2461 948 2503 Mardontes.
1009 2462 1171 2501 Praeter
1194 2459 1316 2500 hosce
1347 2458 1606 2514 singulorum

147 2530 395 2587 populorum
417 2530 636 2587 praefectos
655 2544 725 2571 sex
746 2528 862 2578 alios,
883 2527 957 2583 qui
978 2541 1151 2569 summae
1171 2541 1307 2567 rerum
1334 2534 1540 2582 praeerant
1563 2525 1607 2566 in

147 2598 330 2639 exercitu
350 2596 547 2648 terrestri,
572 2601 742 2653 (praeter
762 2595 903 2637 decem
925 2594 1052 2636 millia
1071 2594 1329 2643 selectorum,
1351 2593 1506 2649 quibus
1533 2593 1608 2634 im-

147 2665 320 2722 perabat
350 2664 595 2722 Hydarnes)
623 2664 809 2706 nominat
839 2662 1084 2704 Herodotus
1110 2663 1171 2715 (7,
1196 2662 1285 2715 82.)
1318 2660 1606 2711 Mardonium,

149 2731 520 2780 Tritantaechmen,
546 2731 883 2780 Smerdomenen,
906 2730 1125 2780 Masisten,
1148 2729 1309 2786 Gergin
1339 2737 1380 2770 et
1402 2727 1609 2783 Megaby-

149 2814 256 2840 zum.
318 2798 479 2840 Summi
499 2813 597 2839 vero
616 2797 753 2839 classis
772 2797 957 2852 praefecti
980 2798 1199 2839 Herodoto
1220 2805 1322 2838 teste
1345 2795 1461 2837 fuere
1482 2795 1606 2836 Aria-

148 2867 307 2922 bignes‚
328 2867 571 2921 Prexaspes,
594 2864 867 2920 MegabazuS‚
891 2863 1189 2911 Achaemenes;
1222 2878 1402 2919 quorum
1433 2862 1511 2904 sub
1537 2877 1610 2904 au-

149 2934 284 2990 spiciis
315 2933 494 2975 Sidoniis
523 2941 701 2988 praeerat
722 2932 1054 2982 Tetramnestus,
1078 2931 1221 2987 Tyriis
1242 2931 1418 2988 Mapen,
1441 2930 1611 2972 Aradiis

150 3000 322 3052 Nerbal,
345 3000 543 3043 Cilicibus
575 2999 808 3056 Syennesis,
833 2999 977 3055 Lyciis
999 2998 1292 3055 Cyberniscus,
1315 2997 1483 3055 Cypriis
1504 2999 1612 3040 Gor-
