1898 3256
333 211 388 250 28
806 210 1298 253 ANNOTATIONES

334 319 443 362 bello
459 320 655 362 adversus
675 320 848 363 Titanas
867 321 977 371 data,
997 330 1038 362 et
1059 321 1293 362 vaticinium
1315 321 1366 361 de
1386 320 1567 375 periculo
1582 335 1634 362 ex
1655 320 1768 362 The-

336 387 432 429 tidis
451 388 618 444 nuptiiS,
640 397 889 429 memoratur
908 388 1030 429 etiam
1050 388 1144 439 hoc,
1164 388 1277 444 quod
1298 389 1328 428 J
1330 387 1417 429 ovis
1442 398 1579 444 caput,
1603 387 1772 429 Pallade

336 454 570 510 gravidum,
593 454 723 495 securi
752 454 1010 510 percusserit,
1032 463 1079 495 ut
1107 454 1176 495 illa
1204 453 1363 495 exsilire
1392 463 1542 509 posset,
1562 453 1675 509 quod
1705 453 1773 494 alii

338 522 524 562 Vulcano
543 521 814 562 tribuebanta.

394 589 558 628 Irarum
589 587 707 628 Jovis
735 587 777 628 in
812 587 1103 628 Prometheum
1137 601 1272 626 causae
1304 586 1486 636 fuerunt,
1522 585 1636 626 fraus
1672 586 1774 626 Pro·-

338 653 488 695 methei
516 654 557 694 in
585 654 767 695 carnium
800 654 1032 710 partitione,
1053 651 1178 694 nimia
1205 651 1248 692 in
1278 651 1460 693 homines
1479 651 1775 702 benevolentia,

339 721 444 776 ignis
462 720 663 762 furtumb.

395 787 463 828 De
483 802 603 843 poena
622 787 724 841 ejus,
745 795 894 842 praeter
914 784 1176 840 AEschylum‚
1198 783 1271 838 qui
1300 785 1480 840 primum
1499 799 1592 826 eum
1613 785 1656 825 in
1678 787 1776 840 Scy-

340 854 449 895 thico
469 854 628 894 deserto
657 853 839 903 affixum,
871 851 1018 893 deinde
1047 850 1124 891 sub
1154 860 1301 891 terram
1332 850 1551 906 dejectum,
1584 860 1678 907 post
1703 852 1778 893 ite—

339 936 432 961 rum
452 921 493 960 in
509 920 640 960 lucem
662 928 913 975 protractum
943 928 1067 974 atque
1089 917 1142 957 ad
1165 918 1395 958 Caucasum
1421 918 1632 974 alligatum
1653 919 1777 960 fuisse

341 986 510 1041 scripsit,
532 985 676 1040 reliqui
698 1000 836 1025 omnes
856 999 949 1025 eum
970 984 1011 1024 in
1034 985 1218 1025 Caucaso
1238 983 1419 1025 vinctum
1442 984 1696 1040 perhibente.

398 1058 426 1077 ‘⁶
441 1051 753 1093 Observandum
775 1066 886 1101 vero,
909 1052 1012 1092 duos
1031 1051 1083 1092 ab
1104 1049 1303 1091 historicis
1325 1051 1528 1091 Caucasos
1549 1051 1776 1100 memorari,

340 1134 517 1175 quorum
547 1118 649 1159 alter
670 1117 887 1159 Colchicus
916 1118 980 1168 sit,
1009 1119 1111 1158 alter
1139 1116 1320 1167 Indicus,
1342 1126 1383 1157 et
1412 1117 1577 1172 utrique
1596 1118 1778 1159 fabulam

340 1187 444 1227 hanc
465 1186 516 1226 de
537 1184 783 1226 Prometheo
802 1184 854 1225 ab
873 1183 1078 1239 aliquibus
1097 1183 1304 1237 assignari.
1350 1184 1407 1224 At
1426 1184 1540 1238 quod
1559 1184 1611 1224 de
1633 1184 1779 1225 Indico

340 1262 543 1303 narratur,
564 1251 728 1292 omnino
749 1261 1023 1292 commentum
1045 1259 1119 1299 est,
1140 1249 1192 1290 ab
1212 1250 1530 1308 assentatoribus
1547 1250 1779 1292 Alexandri

339 1319 558 1361 certissime
587 1319 816 1359 confictum.
877 1318 986 1358 Nam
1022 1315 1271 1356 Macedones
1303 1325 1482 1357 montem
1514 1331 1622 1366 eum,
1653 1332 1776 1372 quem

343 1387 582 1429 Alexander
619 1401 710 1427 cum
747 1384 927 1426 exercitu
967 1383 1187 1439 superavit,
1227 1385 1456 1424 Caucasum
1498 1384 1776 1435 nominarunt,
1806 1438 1809 1440 -

344 1455 441 1507 ἅπερ
468 1456 505 1495 οἱ
531 1454 728 1506 ἐπιχώριοι
754 1453 850 1493 κατὰ
878 1450 995 1503 μέρος
1024 1450 1309 1503 Παροπάμισόν
1337 1468 1381 1492 τε
1407 1451 1469 1492 καὶ
1496 1450 1692 1503 Ἠμωδὸν,
1715 1453 1778 1493 καὶ

337 1520 489 1573 Ἴμαον,
520 1522 582 1561 καὶ
616 1521 723 1561 ἄλλα
753 1517 997 1569 ὀνομάζουσι,
1034 1519 1262 1561 Μακεδόνες
1297 1519 1340 1559 δὲ
1373 1519 1596 1568 Καύκασον,
1630 1518 1778 1559 Strabo

341 1587 367 1629 l.
393 1599 456 1641 15.
508 1587 591 1637 Qui
617 1584 902 1626 Alexandrum
933 1584 1038 1625 inter
1066 1585 1179 1625 Deos
1206 1584 1357 1625 referre
1385 1584 1617 1639 cupiebant,
1642 1585 1779 1626 omnia

342 1654 394 1695 de
414 1654 578 1695 Baccho
597 1662 637 1694 et
659 1651 840 1692 Hercule
859 1650 911 1691 ad
931 1665 1026 1691 eum
1046 1652 1367 1699 transferebant;
1399 1651 1622 1707 quinetiam
1642 1650 1777 1692 locum

341 1721 476 1776 ipsum
496 1719 777 1769 ostendebant,
799 1733 883 1773 quo
903 1718 1174 1760 Prometheus
1200 1718 1359 1759 vinctus
1379 1718 1441 1759 sit.
1503 1718 1639 1758 Strab.
1660 1717 1686 1759 l.
1715 1728 1777 1772 15.

342 1789 487 1830 ἰδόντες
507 1786 702 1837 σπήλαιον
723 1787 767 1826 ἐν
785 1789 864 1827 τοῖς
883 1785 1259 1837 Παροπαμμισάδαις
1280 1785 1385 1837 ἱερὸν
1403 1788 1515 1824 τοῦτο
1537 1786 1775 1835 ἐνεδείξαντο

342 1853 577 1906 Προμηθέως
597 1851 869 1904 δεσμωτήριον.
915 1851 1082 1892 Arrian.
1107 1852 1220 1906 Exp.
1243 1850 1313 1891 Al.
1334 1861 1373 1905 5.
1396 1851 1568 1901 Φημίσαι
1587 1852 1646 1891 ὅτι
1665 1855 1777 1892 τοῦτο

342 1921 416 1972 ἄρα
439 1920 489 1970 ἦν
514 1923 581 1960 τοῦ
610 1918 848 1971 Προμηθέως
877 1919 922 1959 τὸ
952 1919 1106 1970 ἄντρον,
1137 1919 1202 1958 ἵνα
1229 1916 1393 1958 ἐδέδετο·
1427 1918 1490 1958 καὶ
1520 1919 1541 1958 ὁ
1567 1917 1690 1968 ἀετὸς,
1719 1919 1779 1958 ὅτι

344 1988 473 2027 ἐκεῖσε
503 1986 655 2038 ἐφοίτα,
677 1986 909 2036 δαισόμενος
937 1989 1014 2025 τῶν
1034 1984 1278 2037 σπλάγχνων
1301 1987 1370 2025 τοῦ
1389 1983 1634 2036 Προμηθέως·
1665 1984 1727 2024 καὶ
1755 1985 1777 2023 ὁ

341 2052 541 2105 (Ηρακλῆς
566 2053 626 2092 ὅτι
655 2052 784 2092 ἐκεῖσε
814 2053 1062 2104 ἀφικόμενος,
1083 2051 1151 2091 τόν
1180 2066 1223 2090 τε
1252 2050 1369 2090 ἀετὸν
1393 2049 1594 2090 ἀπέκτεινε
1624 2050 1686 2090 καὶ
1709 2050 1778 2090 τὸν

343 2118 556 2170 Προμηθέα
585 2121 661 2158 τῶν
687 2120 840 2169 δεσμῶν
869 2117 1055 2158 ἀπέλυσε.
1116 2118 1211 2157 Hoc
1238 2116 1378 2172 itaque
1405 2116 1571 2157 omnino
1596 2115 1778 2170 rejicien-

343 2185 458 2234 dum,
481 2193 624 2240 utpote
652 2199 677 2224 a
703 2184 816 2224 foeda
838 2195 878 2225 et
897 2183 1084 2239 imperita
1103 2183 1371 2224 assentatione
1399 2183 1643 2238 profectum,
1665 2183 1779 2237 quod

344 2251 497 2307 optime
528 2250 675 2292 Strabo
694 2250 924 2291 observavit
951 2250 979 2292 l.
1004 2264 1093 2291 11.:
1125 2251 1148 2301 ἡ
1170 2249 1265 2300 δόξα
1283 2253 1351 2290 τοῦ
1373 2251 1483 2302 ὅρους
1513 2250 1575 2290 καὶ
1592 2251 1776 2300 τοῦνομα,

346 2319 407 2359 καὶ
426 2318 470 2360 τὸ
491 2318 559 2358 τὸν
578 2317 788 2370 Προμηθέα
807 2319 1094 2370 παραδεδόσθαι
1114 2317 1320 2368 δεδεμένον
1342 2319 1385 2357 ἐν
1404 2321 1484 2359 τοῖς
1514 2317 1693 2370 ἐσχάτοις
1712 2319 1779 2367 τῆς

343 2387 414 2437 γῆς
434 2386 477 2425 ἐν
498 2387 548 2439 τῷ
564 2383 768 2438 Καυκάσῳ,
789 2385 1014 2436 χαριεῖσθαί
1037 2401 1073 2425 τι
1098 2386 1151 2438 τῷ
1170 2388 1337 2434 βασιλεῖ
1362 2382 1581 2435 ὑπέλαβον·
1610 2384 1779 2435 τοῦνομα

344 2455 410 2491 τοῦ
430 2452 542 2503 ὄρους
559 2449 859 2502 μετενέγκαντες
880 2451 933 2492 εἷς
951 2450 1021 2500 τὴν
1038 2450 1240 2500 Ἰνδικήν.”
1273 2451 1489 2490 STANL.

401 2516 647 2572 Allegoricae
675 2516 827 2557 fabulae
848 2516 1081 2557 Promethei
1110 2516 1461 2572 interpretationes
1490 2516 1632 2558 multae
1650 2517 1775 2558 fuere.

387 2681 404 2699 a
420 2675 602 2715 Apollodor.
622 2685 648 2714 1,
667 2684 696 2715 3,
709 2674 739 2706 6.

385 2729 404 2752 b
421 2728 471 2758 Cf.
485 2734 599 2768 praeoer
614 2729 799 2770 AEschylum
815 2734 959 2760 nostrum
974 2728 1102 2759 Hesiod.
1116 2727 1149 2759 ll.
1166 2738 1260 2768 supra
1273 2738 1317 2759 oc.
1335 2728 1511 2769 Apollodor.
1526 2737 1552 2767 1,
1568 2736 1596 2768 7,
1614 2738 1638 2758 ι.
1653 2728 1776 2769 Hygin.

343 2781 367 2811 1.
381 2790 407 2810 c.
422 2786 455 2811 et
468 2782 530 2811 fab.
549 2790 618 2819 144.
635 2782 721 2812 Serv.
738 2783 778 2812 ad
794 2782 907 2822 Virgil.
925 2781 1032 2822 Eclog.
1045 2781 1076 2820 6,
1092 2789 1144 2817 42.
1162 2781 1294 2812 Lucian.
1315 2781 1349 2811 in
1373 2781 1532 2813 Prometh.
1549 2781 1602 2820 qui
1623 2787 1656 2812 et
1675 2781 1778 2811 homi·-

344 2841 422 2861 num
437 2832 622 2863 creationem
639 2833 722 2863 inter
735 2834 803 2872 ejus
818 2833 949 2863 crimina
963 2839 1175 2864 recensentem
1189 2833 1311 2864 inducit
1327 2833 1533 2864 Mercurium.

389 2891 404 2908 c
424 2884 513 2915 Inter
527 2894 603 2924 quos
618 2891 729 2924 praeter
743 2895 804 2923 eos,
821 2896 898 2925 quos
913 2886 998 2916 infra
1012 2886 1220 2924 laudabimus,
1236 2886 1424 2926 Apollonius
1441 2886 1542 2917 Rhod.
1558 2895 1586 2925 2,
1607 2895 1618 2916 1
1628 2893 1685 2925 247
1699 2896 1778 2926 sqq„

345 2937 451 2968 Valer.
471 2937 570 2968 Flacc.
588 2945 618 2977 5,
635 2946 692 2977 155
709 2949 773 2977 sqq.
