1898 3256
690 243 779 284 AD
810 242 1063 284 PERSAS.
1525 239 1611 286 269

202 355 400 408 ναυβάτης
430 356 551 398 Β.Μ.
582 355 693 398 Rob.
737 355 933 412 Plerique
968 354 1138 406 ναυάτης
1163 368 1259 396 cum
1296 354 1461 396 Tum:
1494 353 1611 410 quod

141 422 337 479 frequens
356 423 544 465 codicum
567 423 713 466 vitium
729 433 804 475 est,
827 423 881 465 de
901 438 987 480 quo
1007 422 1095 464 dixi
1116 422 1157 463 in
1181 424 1343 464 Annot.
1365 421 1419 463 ad
1446 422 1611 479 Sopho-

140 489 242 531 clem
264 505 307 547 p.
331 491 426 547 298.
449 500 491 533 et
510 504 608 548 337.
655 493 797 544 ναύτης
814 490 918 533 Ald.

197 558 294 614 378.
337 559 464 611 κώπης
503 560 614 611 ἄναξ,
647 559 676 601 i.
704 575 740 602 e.
774 573 928 601 remex.
983 562 1010 583 “
1027 557 1315 615 Reprehendit
1356 556 1607 614 Euripidem

141 625 387 668 Aristoteles
416 626 494 668 hac
523 627 666 684 phrasi
687 642 823 679 usum,
843 643 892 669 ac
913 627 944 668 si
966 626 1103 668 minus
1123 635 1228 667 esset
1248 625 1409 676 decora,
1434 625 1608 666 Rhetor.

140 707 184 749 3,
207 706 246 736 2.
268 695 327 736 Τὸ
349 696 404 743 δὲ,
427 695 479 739 ὦς
500 696 521 736 ὁ
541 694 730 748 Τήλεφος
759 695 970 748 Εὐριπίδου
991 695 1105 748 φησὶ,
1129 695 1260 737 κώπας
1290 693 1460 735 ἀνάσσει
1490 694 1610 734 κάπο-

139 763 219 813 βὰς
249 763 305 805 εἰς
332 763 508 813 Μυσίαν,
532 762 718 816 ἀπρεπές,
744 763 806 805 ὅτι
835 763 971 816 μεῖζον
1001 762 1047 804 τὸ
1072 761 1269 803 ἀνάσσειν
1296 759 1320 813 ἢ
1352 759 1434 802 κατ’
1457 760 1611 812 ἀξίαν.”

143 830 365 872 STANL.

198 907 297 953 379.
317 897 367 953 θ’]
389 897 420 939 δ’
443 899 509 939 Μ.
530 907 571 939 et
591 898 870 955 superscripto
891 897 925 940 θ’
946 898 999 940 Β.

198 965 336 1007 ὅπλων
363 965 574 1018 ἐπιστάτης
592 965 841 1022 interpretor
860 965 913 1007 de
933 965 1064 1007 milite
1083 964 1313 1014 classim-im
1347 979 1442 1006 nam
1463 979 1610 1022 quem-

139 1034 368 1076 admodum
397 1034 574 1090 remiges
603 1034 884 1091 metaphorice
913 1050 1122 1076 remorum
1147 1035 1314 1079 ἄνακτες
1342 1035 1610 1092 appellaban-

142 1112 226 1154 tur,
247 1102 303 1144 sic
323 1102 473 1144 milites
491 1117 707 1143 armorum
720 1103 930 1159 praesecti.
965 1104 1098 1145 SCH.

198 1171 300 1227 382.
332 1171 396 1213 καὶ
414 1170 624 1226 πάννυχοι]
654 1169 861 1212 Herodot.
884 1170 921 1221 8,
944 1171 1013 1224 76.
1047 1172 1179 1214 ἐποίεε
1208 1173 1252 1213 δὲ
1279 1174 1372 1225 σιγῇ
1398 1175 1535 1224 ταῦτα,
1557 1173 1610 1216 ὣς

140 1238 194 1291 μὴ
223 1241 487 1281 πυνθανοίατο
517 1240 555 1280 οἱ
583 1239 769 1280 ἐναντίοι.
799 1239 838 1280 οῑ
867 1239 942 1290 μὲν
977 1238 1022 1290 δὴ
1053 1243 1176 1281 ταῦτα
1209 1240 1278 1293 τῆς
1310 1241 1459 1289 νυκτὸς,
1494 1242 1610 1283 οὐδὲν

142 1306 484 1360 ἀποκοιμηθέντες,
506 1305 790 1359 παραρτέοντο.
825 1306 1048 1347 STANL.
1090 1305 1281 1349 διάπλοον
1301 1308 1342 1349 h.
1359 1308 1386 1350 l.
1405 1308 1609 1364 adjective

142 1386 342 1426 sumtum,
357 1374 560 1431 significat
571 1373 819 1431 navigando
830 1375 922 1415 sine
934 1375 1178 1416 remissione
1192 1377 1411 1417 intentum.
1443 1377 1609 1433 Nempe

141 1441 310 1484 navium
340 1442 468 1483 duces
495 1456 661 1483 omnem
690 1441 897 1498 populum
927 1441 1141 1483 nauticum
1172 1457 1247 1499 per
1283 1452 1412 1484 totam
1444 1455 1606 1485 noctem

141 1509 376 1552 ministeriis
404 1509 623 1551 navalibus
651 1524 818 1566 operam
846 1508 946 1551 dare
969 1509 1193 1566 jubebant.
1229 1511 1363 1553 SCH.
1416 1510 1609 1554 διάπλουν

142 1578 254 1620 Rob.

199 1647 297 1703 383.
320 1647 441 1703 ναῶν]
464 1650 567 1698 νηῶν
588 1647 726 1688 Turn.

198 1715 297 1771 386.
327 1713 582 1758 λευκόπωλος
609 1713 749 1769 ἡμέρα]
783 1713 991 1755 Stanleius
1020 1713 1179 1755 confert
1205 1713 1419 1755 Theocrit.
1445 1728 1512 1771 13,
1538 1728 1604 1757 11.

142 1782 236 1825 Οὐδ’
257 1784 331 1825 ὅκα
350 1785 376 1825 ἆ
395 1784 608 1826 λεύκιππος
628 1782 839 1836 ἀνατρέχει
860 1783 900 1825 ἐς
916 1781 1015 1825 Διὸς
1039 1784 1130 1827 ἆῶς.
1164 1782 1312 1838 Eurip.
1332 1782 1490 1824 Troad.
1509 1784 1606 1836 848.

141 1851 200 1892 Τὸ
220 1854 343 1893 τᾶσδε
360 1850 623 1904 λευκοπτέρου
642 1849 814 1904 Ἃμέρας
834 1851 958 1904 φίλον
977 1855 1139 1904 βροτοῖς
1158 1851 1323 1905 φέγγος.
1358 1851 1592 1893 BLOMF.

199 1920 298 1976 388.
319 1919 426 1975 ἠχοῖ]
447 1920 525 1977 ἠχῇ
546 1918 687 1976 vulgo,
710 1919 786 1960 nisi
806 1919 922 1975 quod
941 1919 1035 1974 ἠχεῖ
1052 1934 1147 1961 cum
1169 1919 1336 1961 duobus
1355 1918 1477 1961 codd.
1494 1920 1605 1962 Rob.

143 1987 258 2029 Vera
287 1986 490 2043 scriptura
516 1988 622 2041 ἠχοῖ,
650 2002 777 2043 quam
805 2002 856 2028 ex
887 1987 1126 2044 conjectura
1153 1986 1390 2029 restituerat
1420 1987 1604 2029 Pierson.

141 2056 195 2098 ad
217 2057 343 2097 Moer.
365 2071 406 2112 p.
430 2056 524 2109 176,
546 2062 744 2096 annotata
763 2054 806 2095 in
826 2055 876 2096 Β.

198 2125 296 2182 389.
319 2123 562 2179 εὐφήμησεν]
586 2122 860 2166 Scribendum
882 2123 1116 2177 ηὐφήμησεν
1136 2139 1231 2166 cum
1254 2105 1484 2166 Brunckio.

197 2192 363 2250 392.οὐ
381 2193 459 2245 γὰρ
480 2191 546 2246 ὦς]
567 2191 658 2232 οὐδὲ
678 2193 755 2245 γὰρ
776 2192 826 2235 ὡς
847 2193 892 2233 ἐν
913 2191 1000 2233 duo
1020 2191 1143 2233 codd.
1165 2200 1208 2234 et
1228 2191 1332 2234 Ald.

197 2261 323 2318 φυγῇ]
344 2263 489 2314 φυγεῖν
506 2259 618 2301 Rob.

197 2329 296 2385 396.
318 2326 450 2383 εὐθὺς]
473 2327 559 2368 ἐπεὶ
579 2326 700 2383 pauci
721 2326 841 2369 codd.
863 2342 957 2369 cum
980 2327 1084 2369 Ald.
1112 2329 1249 2370 Turn.

198 2405 298 2451 397.
326 2395 496 2436 ἔπαισαν
521 2393 668 2449 ἅλμην]
697 2395 860 2435 Eadem
891 2395 1019 2436 verba
1044 2395 1086 2437 in
1117 2396 1352 2438 narratione
1372 2396 1508 2437 nuntii
1537 2412 1604 2453 ap.

143 2462 296 2518 Eurip.
320 2461 419 2518 Iph.
443 2462 499 2501 T.
524 2474 648 2517 1391.
675 2461 717 2502 in
744 2476 829 2517 qua
859 2462 1058 2504 nonnulla
1083 2478 1170 2504 esse
1189 2479 1287 2519 quae
1306 2479 1357 2505 ex
1379 2464 1608 2521 AEschylea

142 2530 270 2571 ducta
287 2528 507 2570 videantur
526 2528 580 2570 ab
603 2528 788 2570 Seidlero
808 2537 870 2570 est
890 2530 1169 2572 observatum.

200 2596 479 2651 κελεύσματος]
503 2597 739 2649 κελεύματος
759 2597 826 2638 Μ.
851 2598 993 2653 Mosq.
1010 2597 1147 2639 Viteb.

199 2664 298 2719 398.
321 2663 520 2719 ἐκφανεῖς]
545 2665 734 2718 ἐμφανεῖς
753 2664 911 2720 aliquot
932 2663 1055 2706 codd.
1077 2673 1119 2706 et
1139 2665 1250 2707 Rob.

200 2744 298 2786 399.
330 2731 520 2775 εὐτάκτως
550 2733 616 2773 Μ.
641 2740 683 2773 et
703 2747 774 2773 sex
794 2731 876 2773 alii.
928 2731 1126 2788 Plerique
1157 2734 1343 2775 εὔτακτον
1369 2748 1472 2775 cum
1494 2734 1608 2777 Rob.

144 2800 284 2841 Turn.
337 2798 525 2841 εὐτάκταν
566 2799 662 2853 (sic)
704 2799 808 2842 Ald.
859 2800 1058 2855 εὐστόχως
1096 2801 1183 2842 duo
1221 2800 1343 2843 codd.
1402 2802 1486 2843 Per
1523 2801 1606 2854 μετ’

144 2867 322 2918 εὐταξίας
341 2866 520 2923 explicat
538 2866 764 2909 scholiasta.

197 2946 298 2988 401.
342 2935 576 2990 ἐπεξεχώρει
614 2936 672 2978 A.
676 2936 729 2977 B.
734 2936 801 2978 M.
835 2945 876 2977 et
915 2947 1071 2992 septem
1111 2935 1181 2978 alii
1219 2952 1315 2978 cum
1356 2937 1458 2980 Ald.
1492 2938 1605 2980 Rob.

144 3003 282 3044 Turn.
332 3002 518 3059 Reliqui,
540 3013 588 3045 ut
607 3003 785 3055 videtur,
806 3004 1045 3059 ὑπεξεχώρει
1063 3019 1158 3046 cum
1182 3004 1328 3063 Steph.
