1898 3256
549 245 639 286 AD
672 236 1150 285 PROMETHEUM.
1525 230 1591 275 97-

118 358 341 410 excelsum,
363 358 474 400 unde
493 358 536 399 in
558 356 769 415 planitiem
789 354 1010 396 descensus
1029 359 1101 392 est.
1162 349 1260 390 Jam
1285 346 1350 388 Ioi
1372 345 1460 388 Nili
1487 358 1582 386 cur-

121 442 211 469 sum
246 437 464 478 secuturae,
500 425 667 468 tandem
701 424 743 465 in
777 421 986 478 regionem
1017 420 1210 473 τρίγωνον
1240 419 1453 465 Νειλῶτιν,
1481 427 1582 470 quae

121 495 284 551 vulgari
300 494 465 536 nomine
478 492 604 535 Delta
618 490 922 549 appellabatur,
943 489 1022 530 iter
1033 487 1247 529 decretum
1267 493 1372 534 erat,
1391 482 1466 525 ubi
1485 497 1582 524 cum

121 562 176 605 ad
197 563 342 604 urbem
365 561 584 604 Canobum
610 558 877 617 pervenisset,
899 556 1071 614 Jupiter
1100 569 1191 597 eam
1222 552 1407 609 pristinae
1435 551 1585 592 formae

123 646 171 672 ac
191 629 415 671 valetudini
434 629 703 670 restituturus
722 635 823 668 erat.
848 625 981 667 SCH.
1043 622 1278 665 Novissime
1302 620 1356 662 de
1376 621 1453 661 Ius
1471 633 1584 660 erro-

124 697 241 739 ribus
260 697 542 739 disseruerunt
563 694 812 737 Welckerus
830 693 872 734 in
892 692 1000 734 libro
1019 691 1072 733 de
1093 689 1266 746 trilogiis
1284 704 1328 746 p.
1345 685 1586 741 127—146.

128 764 383 807 Klausenius
399 764 442 806 in
464 762 686 806 Niebuhr-ii
707 762 861 803 Museo
881 760 1090 802 Rhenano
1109 757 1192 800 vol.
1212 771 1255 814 3.
1279 772 1319 814 p.
1343 766 1586 812 293—323.

187 833 284 886 708.
308 831 536 887 στρέψασα]
557 831 744 884 τρέψασα
766 827 900 870 Viteb.

185 901 300 955 γύας]
323 901 435 954 γυίας
453 897 554 940 Ald.
577 898 691 939 Rob.
711 911 806 939 cum
827 895 987 953 aliquot
1006 894 1126 937 codd.

189 980 287 1024 709.
307 967 459 1024 ἀφίξει]
483 966 604 1022 ἀφίξῃ
623 964 731 1006 libri.

190 1046 287 1090 710.
310 1033 482 1090 vat‘ovff’]
506 1032 634 1075 νέουσ
657 1034 722 1074 Μ.

192 1103 410 1157 εὐκύκλοις]
444 1102 561 1143 Bene
589 1101 754 1142 rotatis.
785 1099 1037 1157 Hippocrat.
1057 1097 1112 1139 de
1134 1099 1237 1139 Aer.
1267 1104 1309 1138 et
1333 1096 1419 1151 Aq.
1442 1107 1511 1150 93.
1540 1092 1594 1134 de

136 1171 330 1229 Scythis;
362 1170 546 1223 Νομάδες
574 1170 619 1210 δὲ
649 1171 871 1216 καλεῦνται,
893 1167 955 1209 ὅτι
981 1166 1051 1208 οὗκ
1075 1165 1161 1207 ἔστι
1181 1170 1258 1218 σφι
1276 1162 1480 1215 οἰκήματα,
1502 1160 1593 1203 ἀλλ’

133 1241 181 1282 ἐν
201 1238 370 1294 ἁμάξῃσι
389 1240 597 1279 οἶκεΰνται.
627 1254 668 1278 αι
687 1237 731 1277 δὲ
758 1235 906 1288 ἅμαξαί
933 1237 1022 1285 εἰσι,
1044 1235 1086 1275 αἱ
1112 1234 1188 1285 μὲν
1218 1231 1430 1285 ἐλάχισται
1458 1228 1596 1282 τετρά-

138 1312 283 1355 κυκλοι,
309 1308 351 1348 αἱ
373 1307 418 1347 δὲ
447 1304 665 1356 εξάκυκλοι.
728 1303 795 1346 Sic
826 1304 969 1356 ἅμαξαι
998 1301 1253 1355 τετράκυκλοι
1274 1298 1426 1356 Odyss.
1448 1301 1482 1347 J,
1504 1310 1598 1349 140.

139 1373 344 1416 Herodot.
366 1386 402 1424 1,
423 1373 518 1414 188.
540 1372 774 1414 BLOMF.

197 1453 295 1496 711.
318 1440 587 1497 ἐξηρτημένοι]
607 1438 882 1481 Scribendum
897 1436 1146 1491 ἐξηρτυμένοι
1160 1451 1212 1477 ex
1230 1436 1333 1476 Ar.:
1365 1449 1404 1475 v.
1423 1434 1477 1475 L.
1494 1432 1600 1475 Din-

139 1511 246 1552 dorf.
267 1510 307 1551 in
331 1509 552 1551 Thesauro
575 1507 776 1564 Stephani
797 1506 877 1548 vol.
892 1519 933 1561 3.
954 1521 997 1562 p.
1019 1505 1141 1559 1263.
1193 1503 1376 1559 Vulgata
1395 1501 1602 1560 scriptura

140 1578 274 1620 utitur
303 1577 491 1618 Thomas
521 1578 587 1617 M.
618 1591 648 1617 s.
670 1590 709 1616 v,
739 1573 959 1627 ἐξήρτημαι.
1025 1572 1092 1614 Sic
1113 1571 1228 1628 apud
1250 1569 1451 1627 Thucyd.
1473 1571 1515 1619 6,
1539 1580 1601 1623 17.

138 1648 280 1689 ὅπλοις
301 1645 501 1698 ἐξήρτυται
520 1644 562 1686 in
583 1644 705 1685 codd.
729 1641 980 1700 quibusdam
1001 1641 1044 1682 in
1068 1639 1273 1693 ἐξήρτηται
1291 1647 1553 1695 corruptum.

201 1725 297 1767 712.
330 1712 575 1768 ἁλιστόνοις]
602 1712 735 1752 Recte
765 1709 961 1767 explicari
987 1708 1154 1750 videtur
1178 1707 1231 1749 ab
1259 1706 1499 1755 scholiastis‚
1519 1709 1605 1749 ταῖς

139 1781 219 1823 ’ὑπὸ
240 1783 306 1832 τῆς
325 1780 423 1822 ἁλὸς
442 1780 723 1830 στεναζούσαις
751 1778 814 1819 καὶ
839 1778 1044 1831 ἠχούσαις,
1066 1775 1130 1817 vel
1150 1775 1225 1816 ὑπὸ
1248 1775 1347 1818 ἁλὸς
1365 1773 1604 1825 τινασσομέ-

147 1866 246 1892 ναις.
307 1847 407 1888 Alio
427 1861 548 1887 sensu
569 1847 774 1887 ἁλίστουοι
795 1847 1040 1898 ἆγρευτῆρες,
1063 1843 1285 1900 piscatores
1303 1843 1344 1883 in
1366 1841 1468 1883 mari
1489 1841 1602 1882 labo-

148 1925 300 1964 rantes,
320 1913 581 1970 accipiuntur
600 1912 714 1969 apud
735 1911 915 1968 Oppian.
938 1911 1040 1952 Hal.
1060 1925 1104 1964 4,
1126 1924 1220 1965 159.

205 1989 347 2042 πόδας]
371 1978 545 2041 γύποδιῗέ
561 1987 627 2027 Μ.
647 1987 820 2039 γύποδας
839 1984 998 2040 aliquot
1013 1983 1134 2025 codd.
1152 1993 1193 2025 et
1208 1983 1313 2024 Ald.
1329 1982 1441 2024 Rob.
1462 1982 1605 2038 Steph.

148 2055 425 2099 consentiente
445 2052 672 2095 scholiasta.
734 2052 819 2093 Alii
847 2060 957 2093 recte
986 2053 1122 2100 πόδας,
1145 2051 1259 2108 quod
1290 2051 1450 2108 primus
1476 2049 1607 2093 edidit

150 2125 288 2165 Turn.

209 2201 307 2245 713.
327 2189 594 2244 χρίμπτουσα]
618 2189 839 2243 χρίπτουσα
857 2186 977 2228 codd.
999 2186 1171 2243 aliquot.

211 2259 308 2311 716.
340 2256 636 2310 πρόσπλαστοι]
663 2256 802 2306 Quum
826 2255 969 2311 tragici
989 2270 1072 2296 non
1092 2256 1310 2304 ἄπλαστος,
1331 2253 1402 2295 sed
1433 2254 1610 2296 ἄπλατος

152 2324 346 2376 dixerint,
366 2324 520 2379 pariter
539 2324 788 2376 πρόσπλατοι
808 2322 1069 2364 scribendum
1091 2338 1236 2363 censeo
1255 2336 1350 2363 cum
1373 2320 1589 2362 Elmsleio.

213 2401 310 2445 717.
348 2390 543 2443 ὑβριστὴν
575 2390 771 2443 ποταμὸν]
806 2389 1013 2430 Herodoti
1044 2389 1170 2431 verba
1200 2404 1237 2439 1,
1269 2388 1362 2444 189.
1394 2387 1447 2429 de
1481 2387 1612 2429 fluvio

157 2458 311 2515 Gynde
349 2457 604 2513 comparavit
638 2456 925 2507 Blomfieldus,
961 2456 1082 2510 κάρτα
1115 2473 1159 2498 τε
1198 2456 1244 2509 δὴ
1282 2455 1524 2510 ἐχαλέπαινε
1558 2458 1611 2511 τῷ

154 2526 316 2581 ποταμῷ
346 2527 367 2566 ὁ
400 2529 524 2578 Κῦρος
553 2526 675 2580 τούτῳ
703 2526 926 2578 ὑβρίσαντι.
986 2524 1115 2565 Adde
1143 2523 1323 2576 ποταμὸν
1353 2523 1530 2572 ἀλαζόνα
1559 2522 1613 2563 ab

157 2593 392 2635 Themistio
410 2593 566 2634 dictum
588 2602 690 2634 orat.
711 2593 773 2633 18.
795 2609 838 2649 p.
861 2605 938 2634 221
963 2594 1022 2633 D.
1044 2594 1422 2645 Κροῖσος-χρυσοῦ
1447 2590 1614 2643 ψήγμα-

157 2678 225 2702 σιν
260 2661 560 2710 ἐκαλλωπίζετο,
596 2660 622 2700 ἃ
651 2660 725 2714 οὐχ
752 2661 777 2711 ἡ
807 2662 857 2713 γῆ
887 2660 988 2715 αὐτῷ
1020 2659 1271 2712 ἐδωροφόρει,
1304 2659 1414 2698 ἀλλὰ
1442 2656 1616 2710 ποταμός

157 2729 324 2778 ἀλαζών.
386 2727 500 2768 Miro
534 2741 670 2767 errore
705 2727 948 2782 interpretes
986 2725 1156 2782 quidam
1195 2724 1370 2765 fluvium
1404 2724 1617 2766 finxerunt

156 2795 223 2837 cui
262 2809 412 2835 nomen
451 2793 668 2850 proprium
707 2793 833 2834 fuerit
870 2792 1100 2846 Ὕβριστοΰ.
1160 2792 1307 2840 Recte,
1351 2801 1396 2832 ut
1433 2791 1613 2839 videtur,

160 2861 389 2911 scholiasta,
429 2859 624 2913 ὑβριστὴν
661 2860 839 2912 ποταμὸν
877 2860 948 2900 τὸν
980 2858 1152 2911 Ἀράξην
1185 2859 1322 2911 φησίν.
1366 2858 1534 2912 Ἀράξης
1572 2859 1616 2900 δὲ

160 2929 323 2982 λέγεται
354 2930 459 2980 παρὰ
487 2926 532 2967 τὸ
567 2926 760 2979 ἀράσσειν
793 2927 855 2967 καὶ
883 2927 998 2982 ἠχεῖν
1027 2927 1077 2967 τᾶ
1108 2925 1258 2977 κύματα
1284 2926 1412 2967 αὐτοῦ.
1455 2927 1507 2982 τῷ
1539 2927 1616 2979 γὰρ

164 2996 325 3048 ὀνόματι
344 2995 483 3037 τούτου
504 2994 566 3035 καὶ
586 2996 721 3048 πρᾶξις
740 2992 968 3049 συνᾴδουσά
996 2994 1095 3036 ἐστι.
1128 2994 1191 3036 καὶ
1218 2996 1331 3036 τοῦτο
1356 2997 1472 3047 δηλοῖ
1496 2994 1543 3035 τὸ
1572 2993 1618 3036 οὗ

866 3074 895 3102 N
