1898 3256
354 249 438 289 148
822 246 1314 288 ANNOTATIONES

413 359 505 399 181.
528 358 757 413 μνήστορες]
780 359 863 398 Pro
879 357 1070 410 μνήμονες
1089 356 1259 397 dictum.
1290 359 1317 379 ‘⁶
1332 355 1548 409 Nusquam
1564 351 1659 392 alibi
1679 351 1784 391 hanc

351 425 524 465 formam
544 424 707 464 offendi.
746 424 980 480 Hesychius
997 423 1162 479 quidem
1185 422 1397 474 Μνήστωρ.
1425 422 1447 460 ὁ
1466 420 1552 462 δοὺς
1570 422 1637 459 τοῦ
1658 417 1784 470 γάμου

352 492 575 543 ἀρραβῶνα,
596 491 666 531 sed
687 506 810 546 prave
830 505 905 546 pro
926 490 1127 542 Μνηστήρ,
1150 489 1210 529 uti
1231 488 1359 543 liquet
1379 502 1400 527 e
1419 486 1627 528 literarum
1649 483 1784 524 serie?

353 557 582 598 BLOMF.

411 624 502 678 183.
525 624 679 678 ἄριστα]
702 625 890 664 Fortasse
911 622 1067 675 ἀρεστά.

411 691 504 741 184.
526 690 685 744 θάρσος]
713 690 854 742 θράσος
873 689 974 730 Ald.
998 688 1108 729 Rob.
1132 688 1172 727 Τ
1178 702 1284 735 urn.,
1305 701 1385 726 non
1409 684 1553 739 steph.

411 757 503 810 185.
524 757 820 810 πολισσούχων]
841 757 1091 809 πολισούχων
1111 754 1213 795 Ald.
1236 755 1344 795 Rob.

412 823 505 862 188.
525 821 651 876 γένει]
677 821 848 862 Codices
867 821 1023 876 aliquot
1043 823 1168 875 φύλῳ,
1190 821 1394 876 adscripto
1413 819 1532 872 γένει.

412 902 502 942 193.
525 884 735 942 ὀφέλλετε]
757 888 972 940 ὀφέλλεται
993 890 1060 928 Μ.
1081 888 1230 944 aliique
1250 887 1445 929 nonnulli.

412 968 504 1009 194.
526 954 591 1006 ὑφ’
615 954 753 1008 αὐτῶν]
774 954 835 994 ὑπ’
858 955 982 995 αὐτῶν
1005 955 1147 1010 Steph.

413 1031 505 1074 195.
530 1021 658 1060 Hunc
679 1035 839 1060 versum
859 1035 938 1060 om.
961 1022 1026 1060 M.

409 1087 567 1127 τοιαῦτά
595 1087 667 1127 τᾶν
688 1086 966 1127 Blomfieldus.
1012 1087 1169 1127 τοιαῦτά
1198 1085 1227 1127 τ’
1250 1086 1298 1127 ἂν
1319 1085 1460 1127 Guelf.
1505 1083 1662 1124 τοιαῦτά
1683 1083 1721 1135 γ’
1737 1081 1786 1123 ἂν

354 1154 549 1195 Cantabr.
570 1154 738 1209 primus,
760 1154 957 1210 plerique,
980 1163 1026 1194 ut
1046 1153 1221 1204 videtur,
1240 1156 1396 1193 τοιαῦτα
1416 1151 1445 1193 δ’
1468 1151 1516 1192 ἂν
1535 1165 1628 1191 cum
1651 1151 1784 1190 Turn.

351 1221 493 1260 τοιαῦτ’
514 1220 561 1261 ἂν
581 1220 699 1276 pauci
719 1235 811 1261 cum
834 1219 935 1260 Ald.
957 1220 1066 1260 Rob.

412 1297 503 1340 197.
543 1286 786 1340 μεταίχμιον]
832 1287 887 1326 In
930 1286 1060 1326 medio
1097 1287 1291 1341 positum.
1341 1286 1467 1325 Intra
1514 1283 1619 1323 duas
1666 1282 1785 1321 acies.

355 1352 539 1408 Choeph.
562 1355 629 1393 61.
659 1355 721 1394 Τὰ
750 1352 780 1393 δ’
809 1354 852 1393 ἐν
880 1354 1091 1407 μεταιχμίῳ
1121 1354 1274 1394 σκότου.
1320 1353 1479 1392 Locum
1501 1361 1629 1399 verto,
1659 1350 1731 1389 Vir
1749 1354 1787 1388 et

334 1420 509 1474 fi‘mz'na
528 1426 566 1460 et
584 1420 777 1475 quicquid
799 1421 908 1461 inter
926 1420 1010 1460 haec
1029 1421 1196 1461 nomina
1215 1420 1366 1460 omitto.
1395 1418 1423 1458 i.
1445 1433 1479 1458 e.
1510 1415 1638 1472 pueri,
1659 1414 1784 1469 virgi-

353 1500 438 1535 nes,
467 1494 542 1527 etc.
604 1487 672 1526 Ita
708 1487 923 1528 Stanleius.
962 1487 1097 1527 Scliol.
1120 1488 1169 1527 B.
1201 1484 1313 1526 τοῦτό
1343 1491 1479 1538 φησιν,
1511 1484 1585 1536 οὐχ
1613 1483 1673 1522 ὅτι
1702 1482 1790 1522 ἐστί

353 1569 389 1593 τι
408 1553 536 1605 γένος,
559 1554 708 1605 ἀνδρῶν
726 1553 868 1604 μεταξὺ
889 1554 951 1594 καὶ
970 1557 1173 1606 γυναικῶν,
1191 1551 1280 1593 ἀλλ’
1303 1553 1367 1592 ἵνα
1393 1549 1496 1602 δείξῃ
1517 1551 1562 1591 τὸ
1581 1552 1647 1600 τῆς
1665 1564 1785 1601 προσ·-

353 1622 471 1672 ταγῆς
491 1619 658 1671 ἀκριβές.
691 1620 922 1660 BLOMF.

412 1697 507 1728 202.
529 1685 652 1726 Prius
670 1684 693 1736 ἢ
713 1701 792 1726 om.
813 1685 968 1741 aliquot
987 1686 1105 1727 codd.

412 1763 928 1806 203——207=211—215.
970 1752 1169 1793 Omissam
1209 1752 1274 1792 hic
1313 1760 1353 1792 et
1390 1750 1485 1792 alibi
1528 1750 1570 1790 in
1613 1747 1789 1789 editione

355 1814 575 1859 Oxoniensi
596 1819 897 1874 antistrophicae
925 1818 1194 1875 responsionis
1212 1817 1460 1859 notationem
1479 1816 1676 1858 lectorum
1698 1814 1789 1856 Bri-

354 1897 569 1927 tannorum
590 1901 732 1926 caussa
751 1887 1000 1941 supplemus.

412 1965 508 2008 203.
532 1965 625 2004 204.
659 1952 891 2004 ὦ-ὅτοβον
914 1953 1077 2008 ὄτοβον]
1110 1954 1315 2003 Quattuor
1343 1951 1427 1992 sine
1455 1966 1584 2007 pausa
1611 1949 1788 1991 dochmii

354 2029 395 2060 et
428 2019 494 2059 hic
526 2029 566 2060 et
600 2020 640 2059 in
675 2019 931 2075 antistropho
965 2033 1058 2060 211.
1093 2032 1188 2061 212.
1221 2019 1331 2058 unde
1359 2017 1644 2073 explicandum
1674 2016 1788 2072 quod

355 2085 520 2127 secundi
541 2086 718 2126 dochmii
746 2085 837 2126 finis
865 2085 908 2125 in
937 2085 1115 2126 medium
1140 2085 1384 2125 vocabulum
1414 2084 1567 2125 incidit.
1625 2083 1787 2123 Eodem

354 2152 478 2193 modo
493 2161 689 2207 quattuor
706 2151 790 2192 sine
806 2167 934 2207 pausa
948 2151 1126 2192 dochmii
1141 2151 1260 2206 positi
1276 2160 1371 2191 sunt
1385 2165 1422 2192 v.
1439 2151 1533 2191 686.
1550 2151 1628 2203 687
1639 2170 1680 2187 =
1691 2151 1785 2203 692.

356 2220 453 2273 693.
475 2234 544 2259 sex
564 2234 604 2259 v.
626 2218 863 2271 698—700.
894 2227 933 2258 et
963 2217 1005 2257 in
1033 2217 1287 2272 antistropho
1315 2227 1549 2270 705—-707,
1602 2217 1695 2265 Qua
1723 2230 1788 2255 ra-

355 2286 465 2326 tione
485 2285 659 2340 tragicos
675 2284 734 2325 uti
755 2284 954 2340 augendae
975 2298 1237 2324 numerorum
1258 2282 1523 2324 vehementiae
1543 2296 1683 2323 caussa
1701 2281 1787 2322 dixi

355 2352 396 2392 in
418 2352 679 2393 annotatione
698 2350 749 2391 ad
772 2350 919 2405 Eurip.
942 2349 1059 2390 Med.
1080 2349 1200 2403 1258.

415 2431 508 2470 204.
540 2420 685 2469 ὄτοβον
714 2417 876 2471 ὄτοβον]
902 2416 1020 2457 Libri
1039 2415 1159 2457 multi
1182 2417 1347 2468 ὄττοβον
1367 2417 1544 2467 ὅττοβον.
1594 2413 1789 2455 Alterum

358 2501 440 2527 om.
461 2485 572 2526 Rob.

418 2564 512 2606 205.
534 2552 599 2592 ὅτε
620 2551 672 2592 L.
706 2550 843 2606 Vulgo
863 2550 934 2591 ὅτι.

416 2636 459 2660 τε
478 2633 556 2659 om.
581 2617 683 2658 Ald.
711 2634 759 2670 γε
777 2616 906 2657 codex
926 2631 1048 2658 unus.

418 2686 616 2740 σύριγγες]
641 2688 787 2738 σῦριγξ,
803 2685 983 2734 Fistula,
1005 2699 1076 2724 seu
1096 2683 1306 2724 modiolus.
1339 2682 1473 2737 Supra
1488 2693 1578 2733 141.
1601 2680 1791 2736 Sophocl.

361 2753 516 2794 Electr.
533 2764 627 2804 721.
643 2750 848 2804 ”Εχριμπτ’
867 2751 928 2791 ἀεὶ
946 2751 1125 2803 σύριγγα.
1156 2749 1227 2790 ubi
1247 2757 1433 2790 accurate
1452 2748 1574 2788 schol.
1595 2748 1729 2799 σύριγξ
1748 2745 1792 2786 δέ

364 2821 449 2861 ἐστι
478 2819 520 2860 τὸ
542 2821 597 2861 εἷς
617 2818 716 2868 ὀπὴν
735 2821 802 2858 τοῦ
832 2818 972 2871 τρόχου
1000 2818 1301 2868 ἐμβαλλόμενον
1319 2815 1434 2868 μέρος
1457 2817 1525 2855 τοῦ
1550 2815 1698 2864 ἄξονος.
1729 2812 1791 2853 καὶ

363 2886 456 2936 αὐτὴ
477 2887 519 2926 δὲ
537 2885 561 2935 ἡ
581 2884 655 2935 ὀπὴ
675 2887 742 2924 τοῦ
763 2884 905 2936 τρόχου
926 2884 1044 2925 οὕτως
1064 2886 1248 2924 καλεῖται.
1291 2881 1382 2922 Vid.
1405 2895 1528 2936 supra
1550 2892 1643 2931 141.
1679 2879 1792 2919 Bene

362 2950 611 3007 comparavit
637 2949 840 2991 Stanleius
865 2948 1101 2990 Callimacb.
1128 2948 1169 2989 in
1201 2949 1301 2990 Lav.
1324 2947 1480 2989 Pallad.
1509 2959 1570 2998 14.
1592 2946 1792 2998 Συρίγγων
