1898 3256
322 203 407 243 280
789 205 1288 246 ANNOTATIONES

380 314 477 367 567.
499 314 707 367 δυσχίμους
725 313 948 355 Arnaldus.
980 315 1255 368 δυσχειμέρους
1279 313 1382 354 libri.
1443 314 1509 354 De
1537 313 1607 354 illo
1625 312 1757 369 adjec-

325 379 409 421 tivo
429 394 465 421 v.
487 379 632 420 Elmsl.
654 379 706 420 ἃᾶ
727 380 874 436 Eurip.
897 380 1046 421 Bacch.
1067 392 1131 434 15.

381 446 478 500 568.
508 445 762 501 πρωτόμοροι]
792 447 1039 502 Priusfizto
1055 448 1218 502 ιῘῧιηείἱ.
1272 446 1598 502 Distinguuntur
1626 445 1653 486 ii
1684 446 1756 500 qui

325 512 367 552 in
406 511 548 567 praelio
583 512 714 553 navali
748 512 976 554 occiderant
1013 513 1066 554 ab
1100 512 1185 553 istis
1217 512 1289 567 qui
1326 513 1367 553 in
1403 513 1504 568 fuga
1536 512 1754 569 perierunt.

328 579 555 619 BLOMF.

384 646 429 696 δὴ
449 645 607 685 addidit
628 645 844 686 Heathius.

381 714 480 766 569.
500 711 730 764 λειφθέντες
750 713 812 751 Μ.
833 711 983 767 aliique
1003 712 1186 753 nonnulli
1206 722 1246 753 et
1266 712 1374 753 Rob.
1404 711 1622 764 ληφθέντες
1640 710 1759 766 pleri-

326 794 409 835 que
428 793 521 819 cum
542 777 642 818 Ald.
696 778 762 818 De
782 787 956 832 utraque
971 778 1171 834 scriptura
1189 778 1293 819 dixit
1313 778 1535 819 scholiasta.

383 845 445 900 ἠὲ]
467 847 532 886 De
554 844 628 884 hac
647 844 924 899 interjectione
943 844 1122 884 diximus
1140 844 1192 884 ad
1215 846 1327 900 Sept.
1350 846 1444 898 966.

383 924 481 965 570.
504 912 644 953 Ἀκτᾶς
664 911 763 963 ἀμφὶ
785 910 989 964 Κυχρείας]
1019 910 1159 966 Steph.
1182 912 1284 966 Byz.
1308 914 1495 964 Κυχρεῖος
1515 908 1651 962 πάγος,
1672 910 1760 961 περὶ

329 981 546 1029 Σαλαμῖνα.
582 979 788 1029 Σοφοκλῆς
815 977 984 1031 Τεύκρῳ.
1016 977 1092 1017 ἀπὸ
1127 977 1308 1030 Κυχρέως
1342 981 1408 1017 τοῦ
1442 981 1664 1028 Σαλαμῖνος
1698 977 1760 1016 καὶ

329 1048 589 1086 Ποσειδῶνος.
622 1043 687 1083 Cf.
711 1042 898 1083 Strabon.
916 1056 955 1097 9.
979 1058 1017 1098 p.
1035 1056 1130 1098 393.
1149 1045 1293 1084 Tzetz.
1314 1043 1365 1083 ad
1387 1058 1424 1083 v.
1442 1046 1629 1096 Κυχρεῖος
1647 1041 1761 1097 apud

328 1110 539 1166 Lycophr.
560 1121 656 1163 452.
682 1109 1151 1162 Κυχρεὺς-ἐβασίλευσε
1181 1110 1440 1161 Σαλαμινίων,
1463 1110 1513 1152 ὥς
1541 1114 1664 1161 φησιν
1684 1110 1760 1149 Εὐ-

328 1178 477 1229 φορίων
504 1178 547 1217 ἐν
569 1175 849 1227 Ἱππομέδοντι,
869 1180 986 1218 Τοῖος
1009 1179 1084 1229 γὰρ
1112 1179 1300 1230 Κυχρεῖος
1331 1177 1389 1216 ἐνὶ
1414 1179 1522 1229 ψαρῇ
1556 1180 1760 1227 Σαλαμῖνι.

330 1247 555 1288 BLOMF.
605 1239 882 1300 ἆμφικυῖξρείας
902 1247 964 1287 Μ.
996 1248 1095 1299 ἀμφὶ
1117 1248 1287 1299 Κυπρίας
1307 1247 1416 1287 Rob.
1449 1246 1640 1287 Aliorum
1661 1261 1762 1301 quo-

328 1313 502 1354 rundam
523 1313 717 1353 librorum
735 1312 976 1367 corruptelae
995 1322 1090 1353 sunt
1106 1314 1295 1366 κεχρείας,
1312 1314 1527 1366 κυγχρείας,
1546 1314 1759 1365 κεγχρείας,

329 1380 440 1436 quod
462 1389 522 1420 est
541 1379 583 1419 in
604 1378 721 1429 Ald.‚
743 1380 951 1431 κιγχρείας.

385 1445 449 1499 ὀᾶ]
471 1447 520 1485 ὀᾶ
539 1445 603 1484 Μ.

386 1522 482 1565 571.
506 1512 715 1552 Lacunam
736 1511 928 1552 indicavit
951 1513 1163 1552 Canterus.
1201 1510 1459 1551 Exciderunt
1479 1510 1644 1565 syllabae
1665 1518 1760 1559 tres,

330 1592 426 1633 quae
460 1577 621 1618 molossi
655 1592 885 1618 mensuram
927 1578 1172 1618 habuerunt.
1225 1577 1415 1628 ἔρρανται,
1456 1576 1568 1631 quod
1607 1576 1764 1616 codices

331 1643 450 1683 multi
483 1659 520 1684 v.
551 1644 647 1697 580.
680 1653 773 1698 post
803 1644 959 1686 ἄπαιδες
988 1643 1185 1692 inferunt,
1216 1642 1298 1683 huc
1331 1641 1470 1682 retulit
1500 1643 1764 1682 Hermannus

333 1710 486 1765 Opusc.
523 1709 603 1750 vol.
638 1722 677 1751 2.
710 1724 750 1764 p.
784 1710 849 1751 82.
883 1709 1143 1750 memorabile
1181 1708 1258 1748 hoc
1296 1723 1380 1748 esse
1419 1723 1585 1749 monens
1621 1709 1764 1749 formae

330 1775 489 1816 numeri
519 1775 687 1831 pluralis
716 1775 964 1830 exemplum,
990 1775 1041 1815 de
1070 1790 1153 1830 qua
1182 1774 1330 1830 injuria
1355 1774 1562 1815 dubitasse
1589 1774 1766 1815 Schaefe-

330 1858 422 1883 rum
453 1842 504 1883 ad
535 1843 707 1897 Dionys,
739 1842 791 1883 de
820 1857 997 1896 compos.
1018 1842 1127 1882 verb.
1158 1857 1200 1896 p.
1221 1850 1318 1896 355.
1340 1851 1381 1881 et
1399 1841 1450 1881 ad
1481 1840 1603 1881 schol.
1625 1839 1764 1896 Apoll.

332 1910 418 1950 Rh.
441 1908 521 1949 vol.
539 1921 575 1950 2.
596 1923 636 1961 p.
657 1909 751 1950 208.

387 1988 485 2030 572.
507 1975 731 2028 ἀμβόασον]
756 1975 961 2024 ἀμβόησον
980 1972 1065 2012 duo
1085 1972 1202 2013 codd.
1224 1981 1264 2013 et
1285 1971 1386 2012 Ald.
1410 1973 1544 2012 Turn.

387 2055 484 2096 573.
505 2040 646 2093 οὐράνι’
669 2040 760 2094 ἄχη]
781 2040 1113 2079 Lamentationes
1131 2039 1187 2078 ad
1202 2039 1344 2079 coelum
1363 2039 1545 2079 sublatas.
1592 2039 1660 2078 Ita
1680 2053 1766 2079 ver-

333 2117 427 2150 tunt
446 2108 695 2162 interpretes.
730 2104 875 2159 Suppl.
890 2105 983 2158 805.
999 2103 1101 2153 Ἴυζε
1122 2103 1151 2143 δ’
1169 2106 1314 2156 ὀμφὰν,
1333 2103 1490 2155 οὐράνια
1509 2104 1612 2155 μέλη
1626 2105 1767 2144 λίτανα

333 2178 470 2215 θεοῖσι.
502 2171 715 2226 Aristoph.
738 2172 848 2210 Ran.
872 2183 964 2224 793.
986 2171 1007 2210 ὁ
1028 2170 1145 2220 δῆμος
1165 2170 1325 2220 ἀνεβόα.
1370 2171 1415 2212 Ξ.
1436 2169 1486 2210 Ὁ
1508 2174 1583 2210 τῶν
1602 2171 1767 2222 πανούρ-

333 2257 438 2292 γων;
472 2243 517 2279 Α.
547 2239 593 2288 νὴ
624 2236 704 2284 Δί’,
735 2235 915 2288 οὐράνιόν
944 2237 980 2288 γ’
1004 2237 1114 2276 ὅσον.
1166 2236 1272 2275 Haec
1298 2244 1432 2276 tamen
1464 2235 1562 2285 loca,
1590 2250 1684 2290 quae
1714 2234 1767 2276 ad

332 2305 443 2345 hunc
477 2317 638 2344 sensum
678 2300 898 2342 tutandum
936 2299 1109 2356 proferri
1142 2299 1384 2355 potuissent,
1415 2299 1580 2339 minime
1611 2299 1768 2340 faciunt

332 2370 553 2425 quominus
582 2378 723 2424 putem
754 2381 889 2407 veram
923 2366 1295 2421 interpretationem
1327 2366 1464 2421 potius
1492 2381 1576 2406 esse
1601 2366 1767 2406 calami-

334 2443 437 2478 tates
456 2437 612 2477 coelitus
631 2436 850 2475 immissas.
910 2433 1027 2473 Infra
1044 2433 1141 2486 587.
1165 2431 1325 2483 δαιμόνι’
1347 2433 1682 2486 ἄχη-δυρόμενοι
1699 2432 1766 2484 γέ-

333 2520 480 2556 ροντες.
525 2500 714 2557 Sophocl.
745 2500 864 2554 Ajac.
899 2512 993 2553 195.
1025 2499 1122 2539 ἄταν
1153 2500 1347 2551 οὐρανίαν.
1379 2499 1451 2539 ubi
1479 2498 1601 2539 schol.
1628 2498 1698 2549 τὴν
1727 2500 1768 2549 ἐξ

335 2570 499 2621 οὐρανοῦ
536 2569 796 2619 πεμφθεῖσαν.
846 2566 899 2605 In
933 2564 1078 2619 Antig.
1111 2565 1208 2615 418.
1244 2564 1422 2615 οὐράνιον
1461 2564 1556 2616 ἄχος
1593 2563 1769 2604 absurde

335 2646 427 2691 post
448 2632 704 2688 Hesychium
735 2640 776 2671 et
800 2630 994 2670 Photium
1019 2630 1092 2670 viri
1113 2630 1221 2670 docti
1236 2630 1468 2685 intelligunt
1484 2631 1694 2685 pulverem
1714 2631 1771 2670 ad

333 2702 479 2742 coelum
498 2699 718 2747 sublatum,
737 2710 867 2751 quum
889 2696 940 2735 sit
959 2696 1172 2736 calamitas
1192 2696 1395 2736 divinitus
1414 2702 1518 2737 orta.
1541 2697 1767 2736 BLOMF.

392 2776 488 2819 575.
511 2765 696 2804 Metrum
720 2784 746 2802 υ
765 2760 841 2791 -'--
867 2760 872 2816 Ι
898 2780 924 2800 υ
946 2759 972 2790 -'
992 2780 1019 2800 υ
1038 2785 1113 2791 --

389 2833 488 2885 576.
518 2829 793 2883 γναπτόμενοι]
825 2829 999 2868 Praestat
1019 2829 1287 2879 κναπτόμενοι,
1309 2827 1361 2868 de
1380 2843 1463 2883 quo
1483 2827 1569 2867 dixi
1594 2826 1634 2866 in
1657 2826 1768 2866 The-

338 2912 458 2938 sauro
491 2895 686 2951 Stephani
722 2910 751 2935 s.
788 2909 824 2934 v.
867 2892 1046 2935 Κνάπτω.
1100 2895 1293 2935 Ceterum
1331 2895 1589 2946 γναπτόμενοι
1627 2907 1677 2932 ex
1713 2893 1767 2932 A.
