1898 3256
342 233 397 272 82
810 228 1302 270 ANNOTATIONES

396 352 493 396 570.
515 341 665 395 δόλιον]
686 341 848 393 δολερὸν
868 341 952 382 duo
971 340 1090 382 codd.

396 408 633 462 572—584.
664 409 818 448 Versus
846 408 886 447 in
917 406 1011 447 edd.
1032 415 1130 447 vett.
1163 405 1217 445 sic
1246 403 1364 445 divisi
1395 402 1555 443 ἆλλά-
1579 401 1587 456 Ι
1613 415 1769 451 κυνηγε·

341 478 454 515 ref—-
478 473 485 529 Ι
510 475 763 526 παραλίαν-
788 474 794 529 Ι
821 476 1034 525 ὀττοβεῖ-
1059 473 1066 527 Ι
1092 473 1134 513 ἰὼ
1160 472 1261 512 ἶὼ-
1286 469 1292 525 Ι
1317 472 1369 520 πῆ
1392 467 1487 519 μ’-
1512 466 1520 522 Ι
1545 468 1585 507 τί
1609 464 1704 507 ποτέ
1732 463 1769 515 μ’

341 539 433 580 ὦ-
458 539 466 594 Ι
491 541 530 581 τί
559 557 653 581 ποτε
688 539 870 581 ταῖσδ’-
894 539 900 594 Ι
927 541 1236 592 ἇμαρτοΰσαν-
1261 537 1268 592 Ι
1294 534 1592 588 οἰστρηλάτῳ-
1617 533 1623 587 Ι
1648 530 1772 583 παρά·

342 622 517 647 κοπον-
542 605 548 662 Ι
573 607 719 658 πυρὶ-
744 606 750 661 Ι
775 606 999 648 ποντίοις-
1026 604 1032 659 Ι
1058 602 1422 656 φθονήσῃς-ἄναξ.

395 683 491 726 572.
525 671 739 726 κυνηγετεῖ]
760 673 890 713 Recte
913 669 1146 712 Brunckius
1172 669 1365 710 Doricam
1393 667 1565 708 formam
1597 662 1773 705 restituit

342 741 555 791 κυναγετεῖ.
615 738 770 779 Versus
785 752 835 778 ex
857 736 1045 778 dochmio
1064 746 1103 777 et
1124 735 1291 791 dipodia
1310 733 1482 774 iambica
1499 731 1760 788 compositus.

394 814 447 858 57
452 818 489 858 3.
514 805 698 844 Metrum
720 804 846 858 hujus
865 817 1004 843 versus
1022 813 1081 843 est

1170 875 1211 889 W

732 899 1358 950 c‡„‡s„„÷s‡-02

396 1005 575 1059 ψάμμον]
599 1004 868 1045 scribendum
893 1004 1060 1057 ψάμμαν
1088 1019 1139 1045 ex
1168 1004 1234 1053 M,
1260 1004 1300 1043 in
1331 1017 1415 1058 quo
1443 992 1621 1054 ψάμμᾶἳι.
1682 999 1774 1047 Qua

339 1071 470 1112 forma
491 1070 620 1112 utitur
640 1071 855 1126 Aristoph.
879 1071 980 1126 Lys.
1003 1072 1119 1112 1261.
1140 1070 1188 1121 ἥν
1214 1072 1289 1122 γὰρ
1317 1069 1479 1119 τῶνδρες
1498 1068 1566 1107 οὐκ
1593 1065 1777 1106 ἐλάσσως

340 1141 407 1180 τᾶς
426 1137 600 1190 ψάμμας.

395 1215 493 1258 574.
518 1204 570 1244 In
591 1203 768 1244 editione
785 1203 1008 1244 Oxoniensi
1023 1203 1168 1243 omissa
1188 1200 1490 1256 antistrophicae
1508 1195 1778 1254 responsionis

339 1270 495 1310 notatio
513 1269 1034 1324 574—588=593—608.

397 1336 471 1377 ὑπὸ
497 1336 737 1389 δὲ-νόμον]
767 1349 859 1376 cera
890 1349 985 1376 vero
1014 1342 1221 1390 compacta
1244 1347 1392 1374 sonora
1406 1332 1559 1387 fistula
1588 1331 1777 1371 submur-

340 1408 479 1444 murat
498 1416 663 1443 carmen
682 1401 971 1459 soporiferum.
1031 1402 1193 1455 Nempe
1222 1409 1264 1440 ut
1283 1401 1428 1454 Argus
1446 1407 1654 1453 pastorum
1675 1395 1775 1446 ritu,

341 1468 483 1510 Inachi
513 1468 654 1519 filiam,
681 1468 780 1509 dum
810 1468 971 1508 vivebat
1000 1467 1242 1517 custodiens,
1263 1465 1399 1506 fistula
1427 1464 1611 1512 canebat,
1639 1463 1694 1503 sic
1725 1463 1777 1503 Io

338 1535 477 1576 furore
491 1544 583 1576 acta
602 1535 824 1575 etiamnum
846 1534 935 1590 ejus
954 1542 1117 1575 cantum
1139 1533 1281 1574 audire
1300 1532 1529 1573 videbatur.
1559 1531 1778 1572 ὑπνοδόταν

340 1603 460 1653 νόμον
490 1601 553 1642 vel
585 1600 780 1642 ornandae
808 1609 968 1641 tantum
997 1599 1184 1655 imaginis
1212 1614 1334 1640 causa
1361 1598 1565 1654 adjectum
1596 1606 1672 1646 est,
1699 1595 1777 1645 vel,

338 1668 452 1723 quod
483 1667 628 1708 melius
656 1668 801 1723 placet,
827 1666 878 1707 ad
907 1666 1200 1707 miserationem
1231 1664 1576 1707 commovendam.
1635 1664 1775 1713 Quum

339 1734 444 1775 enim
470 1735 519 1774 Io
539 1733 709 1774 molesto
727 1732 977 1774 lassitudinis
1001 1748 1120 1773 sensu
1147 1732 1422 1789 premebatur,
1444 1742 1531 1772 tum
1562 1730 1639 1771 hoc
1667 1744 1778 1770 acce-

339 1801 463 1841 debat
483 1800 535 1840 ad
556 1802 645 1855 ejus
665 1799 881 1850 miseriam,
900 1799 1014 1855 quod
1033 1798 1182 1840 fistulae
1199 1807 1343 1839 cantus
1362 1811 1548 1839 somnum
1574 1795 1777 1845 invitaret,

340 1883 424 1923 quo
443 1877 578 1908 tamen
597 1866 650 1907 ob
672 1875 909 1922 perpetuam
933 1865 1039 1922 Argi
1065 1865 1206 1921 fugam
1236 1865 1319 1905 frui
1348 1879 1428 1905 non
1458 1863 1616 1904 licebat.
1645 1861 1777 1903 ὑπὸ-

339 1936 499 1985 ὀποβεῖ
514 1948 588 1989 per
606 1932 750 1973 tmesin
770 1947 847 1988 pro
865 1934 1090 1983 ὑποττοβεῖ.
1123 1933 1405 1984 Κηρόπλαστος
1424 1929 1545 1980 δόναξ
1560 1938 1620 1970 est
1640 1928 1776 1980 σύριγξ

341 2015 411 2040 seu
440 2000 578 2040 fistula
606 2000 859 2055 disparibus,
892 2008 939 2038 ut
967 1998 1022 2039 ait
1055 1997 1229 2038 Ovidius
1261 1996 1558 2052 (Metamorph.
1588 2009 1619 2045 ι,
1645 1999 1776 2048 712.)‚

341 2067 510 2107 calamis
529 2066 775 2121 compagine
792 2078 896 2105 cerae
915 2066 1022 2106 inter
1040 2065 1266 2119 sejunctis.
1291 2065 1423 2104 SCH.

397 2134 533 2183 ὀτοβεῖ
552 2133 616 2172 Μ.
677 2131 816 2186 Vulgo
836 2133 1006 2182 ὀττοβεῖ.

396 2210 448 2253 57
453 2208 492 2253 5.
514 2197 653 2253 νόμον]
678 2197 845 2253 Syllaba
865 2197 1010 2238 ultima
1029 2207 1123 2238 ante
1143 2196 1474 2237 exclamationem
1496 2193 1710 2250 producta.

399 2266 442 2306 ἰὼ
478 2265 535 2312 ἰὼ,
566 2263 697 2312 πόποι,
723 2264 732 2316 Ι
756 2269 836 2311 ποῖ,
870 2262 1001 2310 πόποι,
1033 2267 1104 2304 ποῖ
1141 2262 1347 2304 Seidlerus
1385 2262 1436 2302 de
1471 2276 1572 2301 vers.
1612 2259 1775 2301 dochm.

343 2347 382 2388 p.
405 2333 471 2384 84.
492 2341 533 2372 ct
550 2344 641 2383 141.
672 2330 907 2386 pariterque
936 2329 1171 2381 Elmsleius,
1199 2328 1275 2370 nisi
1304 2329 1415 2384 quod
1444 2343 1562 2368 versu
1591 2327 1719 2367 altero
1748 2325 1779 2367 ὦ

344 2397 474 2446 πόποι,
506 2399 560 2452 πᾷ
591 2398 763 2454 scripsit.
796 2399 838 2438 ἰὼ
870 2398 926 2445 ἰὼ,
955 2401 1025 2438 ποῖ
1050 2401 1131 2444 ποῖ,
1159 2401 1218 2437 πῶ
1246 2400 1305 2437 πῶ
1334 2400 1404 2446 πῶ,
1432 2398 1484 2445 πῆ
1510 2394 1648 2449 vulgo.
1707 2392 1780 2433 Ad

342 2466 480 2522 priora
507 2466 576 2506 illa
603 2467 645 2506 ἰὼ
676 2466 732 2515 ἰὼ,
754 2469 824 2506 ποῖ
847 2468 926 2511 ποῖ,
949 2463 1061 2504 nulla
1080 2479 1103 2504 e
1121 2463 1234 2504 libris
1253 2472 1446 2504 annotata
1465 2461 1676 2517 scripturae
1695 2459 1777 2500 dis-

343 2533 549 2590 crepantia
571 2542 632 2573 est
659 2532 734 2572 nisi
764 2531 876 2587 quod
909 2532 1037 2572 codex
1067 2529 1255 2571 Turnebi
1283 2531 1326 2571 ἰὼ
1357 2530 1399 2570 ἰὼ
1429 2529 1479 2569 πὸ
1511 2532 1581 2569 ποῖ
1611 2527 1662 2568 πὸ
1696 2530 1777 2574 ποῖ,

342 2601 454 2656 quod
484 2601 537 2641 ad
568 2600 753 2656 proxima
772 2597 909 2654 potius
927 2601 985 2638 πῶ
1001 2601 1059 2638 πῶ
1078 2601 1137 2638 πῶ
1155 2599 1207 2647 πῆ
1227 2595 1483 2637 referendum
1506 2594 1681 2642 videtur,
1703 2607 1780 2648 pro

342 2668 494 2723 quibus
515 2667 580 2708 M.
598 2664 729 2708 ’πόπόι
746 2664 877 2707 ’πόπόι
896 2668 961 2716 πῇ,
983 2664 1092 2720 quod
1121 2664 1162 2705 in
1187 2673 1383 2720 quattuor
1408 2662 1495 2703 aliis
1520 2660 1639 2702 πόποι
1663 2659 1780 2701 πόποι

343 2737 395 2790 πῇ
416 2734 622 2790 scriptum.
685 2734 792 2773 Tres
810 2731 877 2773 alii
897 2736 955 2772 πῶ
974 2737 1044 2773 ποῖ
1060 2736 1119 2772 πῶ
1138 2736 1218 2778 ποῖ,
1241 2730 1407 2772 totidem
1429 2733 1487 2770 πῶ
1507 2733 1566 2769 πῶ
1586 2732 1664 2768 ποῖ.

401 2803 495 2854 576.
518 2800 758 2851 τηλέπλανοι
778 2798 1010 2840 Elmsleius.
1073 2799 1310 2853 Legebatur
1329 2796 1629 2849 τηλέπλαγκτοι.

400 2874 547 2914 πλάναι
566 2874 675 2914 Α.Β.
697 2873 846 2928 aliique
866 2873 996 2914 multi.
1029 2862 1173 2914 πλάνῧίΙ
1193 2872 1259 2911 Μ.
1322 2868 1456 2924 Vulgo
1475 2867 1631 2909 πλάνοι.

400 2950 495 2994 577.
517 2940 572 2994 τί]
593 2942 649 2983 τίς
667 2940 769 2981 Ald.
792 2940 899 2980 Rob.
