1898 3256
316 235 399 278 190
785 236 1279 277 ANNOTATIONES

314 343 460 394 Νόσων
479 341 509 382 τ’
531 343 709 395 ἀπείρους
735 344 796 384 καὶ
822 345 1065 396 μακραίωνας
1087 346 1211 395 βίους.
1241 343 1312 399 qui
1342 343 1454 384 locus
1475 344 1598 399 vulgo
1626 343 1746 400 longe

313 407 429 448 aliter
457 408 620 463 legitur.
651 409 799 465 Eurip.
821 411 946 451 Herc.
968 412 1070 451 Fur.
1094 411 1189 451 218.
1219 411 1370 463 Λόγους
1395 412 1659 463 ὀνειδιστῆρας
1682 412 1745 452 ἐν-

314 475 556 526 δατούμενος.
588 476 799 531 Lycophr.
819 488 910 530 155.
946 477 1115 530 χόνδρον
1149 478 1439 528 ἐνδατούμενος.
1500 483 1528 502 “
1545 478 1748 518 Dividere

313 555 412 595 ergo
442 540 665 582 maledictis
695 552 736 582 et
766 543 934 598 dffrre
964 553 1118 584 veteres
1146 543 1350 592 dicebant,
1383 552 1427 583 ut
1462 544 1599 584 Graeci
1634 546 1746 585 ἐνδα-

313 610 477 648 τεῖσθαι.
500 607 719 662 Sophocles
740 609 983 650 Trachiniis.
1006 610 1082 651 Καὶ
1100 613 1269 650 πλεῖστα
1287 609 1356 650 τὸν
1377 610 1451 650 σὸν
1472 604 1748 661 ἐνδατούμενος

312 673 453 726 γάμον.
493 674 743 726 (memoriter
770 675 900 730 citat,)
932 686 973 717 et.
1009 675 1198 717 Catullus
1233 675 1441 716 similiter:
1484 677 1585 717 Non
1617 677 1655 717 εἰ
1686 690 1749 717 me

312 741 487 794 ivfflestas
521 742 754 797 discerpant
785 743 924 783 sidera
956 743 1114 784 dictis?
1150 741 1328 797 Scaliger
1357 742 1397 782 in
1430 742 1553 783 Diras
1581 758 1624 798 p.
1648 744 1745 798 436.

315 806 447 847 Haud
466 806 586 862 longe
611 807 785 857 diverso,
805 823 1041 864 quanquam
1068 809 1231 850 meliore
1252 824 1386 860 sensu,
1407 809 1510 850 dixit
1532 809 1746 859 Horatius,

313 873 472 913 Imbellz·
498 873 659 913 cithara
687 875 874 914 carmina
904 876 1090 916 divides.-
1124 877 1250 916 Recte
1279 886 1414 917 autem
1443 875 1567 917 schol.
1598 878 1652 919 εἷς
1681 877 1747 917 δύο

314 943 467 991 διαιρῶν
496 940 540 980 τὸ
570 941 694 991 ὄνομα
722 945 789 981 τοῦ
811 942 1085 991 Πολυνείκους,
1113 941 1156 981 τὸ
1186 942 1289 983 πολὺ
1318 943 1380 983 καὶ
1406 942 1451 983 τὸ
1482 948 1620 986 νεῖκος.
1681 942 1748 984 Sic

314 1006 447 1047 nescio
475 1006 568 1062 quis
596 1006 638 1046 in
664 1006 868 1062 Euripide
896 1022 962 1062 ap.
985 1007 1170 1063 Etymol.
1192 1009 1258 1048 M.
1279 1023 1319 1063 p.
1340 1010 1438 1062 576,
1459 1021 1528 1063 30.
1551 1008 1745 1050 Valcken.

314 1071 493 1113 Diatrib.
516 1087 611 1128 pag.
634 1073 723 1127 138.
755 1073 980 1126 Μελέαγρε,
1010 1073 1159 1125 μελέαν
1188 1073 1262 1126 γάρ
1291 1074 1373 1114 ποτ’
1405 1075 1579 1127 ἀγρεύεις
1608 1076 1746 1128 ἄγραν.

315 1139 406 1180 Vid.
437 1139 544 1180 infra
577 1141 672 1194 655.
706 1141 799 1194 829.
836 1140 982 1195 Eurip.
1020 1139 1220 1180 Phoeniss.
1258 1140 1354 1194 645.
1414 1141 1481 1181 De
1510 1141 1748 1196 hujusmodi

313 1206 602 1261 paronomasiis
647 1207 731 1248 vid.
782 1206 1034 1247 Valckenaer.
1082 1206 1135 1246 ad
1184 1206 1389 1246 Herodot.
1437 1222 1479 1262 p.
1529 1220 1626 1262 439.
1678 1209 1747 1261 64.

314 1273 541 1315 BLOMF.
609 1275 704 1315 Hoc
740 1273 867 1329 igitur
904 1273 1016 1324 dicit,
1054 1273 1230 1313 finivisse
1267 1273 1381 1314 illum
1418 1274 1638 1330 opprobria
1675 1289 1749 1315 sua

313 1338 604 1380 exclamatione
625 1341 653 1380 ὦ
675 1341 914 1382 Πολύνεικες
931 1339 1172 1382 πολυνεικές.

368 1415 467 1460 579.
488 1405 586 1446 τοῦτ’
609 1406 720 1462 ἔπος]
743 1406 882 1448 τοῦπος
901 1405 986 1446 (1υο
1005 1405 1124 1446 codd.
1146 1414 1187 1446 et
1206 1405 1307 1446 Ald.

368 1472 466 1526 580.
489 1472 609 1527 τοῖον]
630 1476 744 1513 ποῖον
763 1472 848 1512 duo
867 1471 986 1512 codd.
1018 1475 1124 1512 θεῖον
1144 1472 1254 1513 Rob.

368 1539 466 1593 582.
497 1538 691 1579 Eundem
720 1538 805 1579 fere
831 1553 992 1579 versum
1024 1538 1147 1579 habet
1174 1539 1368 1595 Sophocl.
1389 1540 1535 1596 Antig.
1557 1554 1646 1594 199.
1668 1540 1748 1584 *Os*

313 1607 387 1657 γῆν
425 1603 608 1660 πατρῴαν
647 1605 708 1646 καὶ
747 1606 858 1648 θεοὺς
896 1605 985 1648 τοὺς
1023 1606 1198 1658 ἐγγενεῖς
1232 1623 1266 1648 κ.
1299 1623 1331 1647 τ.
1362 1612 1402 1648 λ.
1443 1607 1556 1663 quod
1592 1607 1748 1649 notavit

314 1671 582 1713 Abreschius.

370 1739 467 1792 584.
488 1737 550 1793 τε]
574 1739 616 1778 δὲ
639 1739 686 1778 Β.

371 1805 518 1861 πηγὴν]
553 1804 687 1846 Schol.
707 1806 763 1846 A.
793 1805 1084 1861 interpretatur
1113 1808 1161 1847 τὰ
1189 1806 1332 1860 δάκρυα
1357 1810 1423 1858 τῆς
1448 1809 1630 1860 πατρίδος
1657 1809 1750 1849 ποία

313 1873 457 1913 παύσει
485 1873 668 1924 τιμωρία;
701 1873 767 1912 De
796 1875 899 1928 πηγῇ
928 1872 1198 1929 lacrymarum
1227 1874 1309 1914 vid.
1332 1876 1502 1915 Porson.
1525 1874 1576 1915 ad
1598 1874 1745 1931 Eurip.

316 1938 515 1979 Phoeniss.
535 1939 632 1993 381.
654 1938 794 1979 Nostri
817 1939 1025 1979 Prometh.
1045 1954 1141 1994 409.
1186 1942 1316 1982 Recte
1336 1956 1431 1997 vero
1452 1941 1646 1982 Butlerus
1666 1942 1749 1993 δίκη

314 2005 366 2046 de
395 2005 511 2060 signo
539 2005 570 2045 J
575 2004 723 2045 ustitiae
753 2004 913 2061 accipit,
944 2007 1057 2061 quod
1087 2007 1303 2064 Polynices
1331 2009 1371 2049 in
1403 2018 1519 2050 scuto
1546 2008 1746 2064 gestabat.

315 2073 543 2114 BLOMF.
574 2073 701 2124 πηγὰς
718 2072 803 2111 duo
822 2072 941 2114 codd.

369 2139 465 2193 585.
487 2138 640 2191 πατρίς]
664 2138 807 2189 πατρός
827 2147 1023 2192 quattuor
1042 2139 1160 2180 codd.
1181 2151 1222 2180 et
1241 2139 1343 2180 Ald.
1365 2141 1500 2181 Turn.

369 2205 431 2259 τε]
456 2205 498 2245 δὲ
519 2204 697 2244 Α.Β.Μ.
717 2202 867 2258 aliique
885 2205 1082 2245 nonnulli.

371 2271 471 2325 δορὶ]
498 2269 766 2311 scribendum
786 2269 851 2310 hie
871 2279 912 2311 et
930 2271 1026 2312 alibi
1046 2273 1161 2324 δόρει.
1192 2273 1278 2324 δορί
1294 2271 1436 2327 tragici
1456 2286 1535 2312 non
1557 2271 1748 2314 videntur

313 2338 461 2379 dixisse
480 2337 556 2378 nisi
575 2338 807 2393 postulante
827 2346 978 2379 metro:
1011 2338 1093 2379 vid.
1112 2338 1165 2379 ad
1188 2338 1312 2394 Soph.
1336 2339 1454 2394 Ajac.
1473 2340 1596 2393 1056.

366 2405 467 2460 586.
488 2404 684 2458 ξύμμαχος
704 2403 948 2446 Brunckius.
980 2406 1184 2459 σύμμαχος
1201 2404 1306 2446 libri.

370 2473 467 2526 587.
489 2472 534 2522 δὴ
554 2486 633 2512 om.
656 2470 758 2512 Ald.

370 2541 509 2594 πιανῶ]
536 2537 727 2579 Similiter
746 2538 968 2588 Pindarus,
989 2537 1040 2578 de
1060 2548 1214 2594 septem
1235 2538 1411 2579 ducibus
1429 2553 1553 2594 agens
1573 2540 1692 2581 Nem.
1707 2554 1749 2594 9,

313 2620 384 2661 54.
415 2606 564 2662 inquit,
594 2605 777 2656 Ἰσμηνοῦ
810 2603 841 2645 δ’
871 2603 928 2645 ἐπ’
963 2605 1123 2658 ὄχθαισι
1154 2604 1372 2646 λευκανθέα
1403 2604 1548 2656 σώματ’
1585 2607 1749 2647 ἐπίαναν

315 2674 474 2715 καπνόν.
499 2671 642 2728 Virgil.
664 2671 816 2727 Georg.
835 2685 872 2721 1,
891 2684 989 2724 491.
1012 2672 1102 2711 Nec
1113 2672 1217 2726 suit
1245 2671 1469 2728 indignum
1496 2673 1659 2727 superis
1687 2673 1751 2714 bis

312 2739 519 2796 sanguine
546 2744 683 2780 nostro
703 2738 961 2788 Emathiam,
981 2744 1020 2779 et
1047 2739 1150 2780 latos
1175 2739 1230 2778 H
1228 2739 1320 2779 aemi
1344 2752 1614 2778 Pmeussscssnn
1638 2753 1746 2779 cam-

307 2821 398 2862 pos.
430 2806 578 2846 Horat.
600 2806 650 2846 C.
672 2817 712 2856 2,
731 2817 770 2854 1,
792 2815 860 2858 29.
895 2805 999 2852 Quis
1027 2819 1109 2845 non
1131 2805 1291 2846 'Latino
1315 2806 1528 2862 sanguine
1556 2819 1749 2845 PlNGUlOR

317 2874 500 2928 Campus
516 2873 535 2911 29
567 2872 619 2912 In
640 2872 755 2912 Pers.
773 2871 868 2923 807.
891 2872 1059 2927 Asopus
1087 2870 1239 2912 fluvius
1267 2870 1417 2913 dicitur
1446 2872 1567 2924 φίλον
1596 2871 1748 2923 πίασμα

316 2942 492 2980 Βοιωτῶν
511 2938 636 2992 χθονί.
668 2937 893 2979 BLOMF.
