1898 3256
590 204 681 245 AD
711 203 1189 246 PROMETHEUM.
1566 205 1623 248 95

158 316 332 358 lentium
354 316 603 367 latrociniis3
632 316 812 374 denique
829 319 995 371 μητρυιὰ
1018 320 1135 369 νεῶν,
1155 331 1335 358 noverca
1353 317 1546 367 navium,
1568 316 1624 358 ob

157 385 302 426 crebra
316 384 547 441 naufragia,
559 384 659 441 quia
673 394 761 426 erat
775 384 890 426 sinus
908 384 1207 441 importuosuS,
1226 394 1265 426 et
1287 394 1460 440 propter
1480 384 1624 426 brevia

157 452 357 494 dorsuosa
379 453 580 505 (Sekeren
600 452 802 494 Germani
821 462 960 494 nautae
980 451 1210 509 appellant)
1234 451 1410 493 navibus
1433 452 1620 495 infestus.

162 522 230 562 Ita
262 520 503 576 Xenophon
536 519 567 561 l.
600 519 629 562 l.
662 521 759 562 ἔνθα
788 524 866 562 τῶν
893 522 950 564 εἷς
976 520 1046 562 τὸν
1078 521 1239 561 Πόντον
1271 523 1483 561 πλεουσῶν
1517 524 1622 572 νηῶν

158 589 308 630 πολλαὶ
327 588 542 630 ὀκέλλουσι
564 588 626 630 καὶ
653 589 894 630 ἐκπίπτουσι.
924 587 1092 642 τέναγος
1117 587 1194 641 γάρ
1223 589 1334 629 ἐστιν
1360 588 1529 629 ἐπιπολὺ
1555 591 1623 640 τῆς

159 655 379 708 θαλάσσης.

214 725 482 764 Amazonum
512 723 680 764 sedibus
710 722 859 764 relictis
884 722 935 763 Io
960 722 1014 764 ab
1043 722 1092 763 iis
1115 722 1296 764 deducta
1315 732 1377 764 est
1396 738 1471 780 per
1490 722 1622 778 regio-

159 805 251 831 nem
275 791 640 849 Bosporanorum;
672 790 824 832 deinde
852 790 1020 833 accessit
1048 791 1102 832 ad
1127 790 1283 832 fretum
1306 790 1482 848 Bospori
1505 790 1620 832 Cim-

160 874 288 901 mern.

386 942 549 994 Ἰσθμὸν
569 940 600 982 δ’
623 942 682 983 ἐπ’
704 942 838 985 αὐτοῖς
858 942 1113 995 στενοπόροις
1133 943 1275 994 λίμνης
1293 942 1436 985 πύλαις

390 1009 629 1062 Κιμμερικὸν
646 1010 762 1060 ἥξεις,
784 1009 831 1050 ὃν
852 1009 1223 1064 θρασυσπλάγχνως
1242 1011 1291 1051 σὲ
1310 1010 1386 1064 χρὴ

389 1081 587 1119 λιποῦσαν
606 1076 748 1118 αὐλῶν’
772 1078 940 1130 ἐκπερᾶν
961 1079 1200 1119 Μαιωτικόν.

159 1194 346 1236 Isthmus
368 1194 434 1236 hic
463 1194 517 1235 ab
537 1193 743 1250 AEschylo
770 1203 1036 1244 memoratuS,
1057 1194 1134 1235 nisi
1160 1195 1298 1236 omnia
1327 1204 1492 1251 poetam
1523 1195 1621 1237 mis-

160 1262 291 1304 cuisse
319 1277 367 1303 ac
395 1262 656 1318 perturbasse
676 1262 899 1318 fingamus,
920 1262 955 1302 is
978 1277 1064 1303 esse
1089 1262 1208 1303 nullo
1227 1263 1352 1304 modo
1373 1272 1523 1318 potest,
1545 1264 1620 1319 qui

162 1330 463 1372 Chersonesum
498 1329 722 1371 Tauricam
762 1345 858 1371 cum
898 1329 1123 1371 continenti
1157 1330 1379 1386 jungebat,
1410 1346 1622 1388 quemque

159 1408 330 1454 propter
349 1397 657 1438 similitudinem
685 1397 837 1439 Strabo
861 1413 956 1439 cum
979 1397 1246 1439 Corinthiaco
1274 1409 1515 1454 comparat;
1549 1399 1618 1440 sed

159 1465 299 1520 potius
329 1464 414 1506 h.l.
443 1463 712 1520 intelligenda
740 1475 818 1515 est,
847 1474 894 1506 ut
926 1464 1056 1506 Melae
1082 1465 1216 1506 verbis
1246 1475 1429 1515 utamur,
1450 1465 1623 1522 obliqua

160 1532 231 1574 illa
249 1533 364 1589 regio
383 1543 425 1574 et
443 1532 485 1573 in
507 1532 637 1574 latum
659 1533 818 1575 modice
838 1543 998 1590 patens,
1018 1548 1114 1590 quae
1144 1534 1252 1574 inter
1273 1535 1457 1575 Pontum
1479 1534 1619 1575 Euxi-

163 1615 261 1641 num
292 1611 333 1642 et
363 1600 556 1657 paludem
591 1601 829 1642 Maeoticam
858 1602 1069 1649 excurrit;
1115 1601 1187 1642 ubi
1218 1601 1314 1643 olim
1348 1612 1466 1644 erant
1499 1603 1623 1644 urbes

163 1670 459 1718 Hermonassa,
486 1670 631 1725 Cepoe,
662 1668 937 1725 Phanagoria,
968 1679 1010 1710 et
1038 1668 1079 1709 in
1110 1669 1200 1725 ipso
1229 1685 1300 1710 ore
1331 1670 1620 1711 Cimmerium.

165 1738 289 1778 Hanc
314 1735 443 1791 igitur
471 1751 584 1777 oram
614 1737 666 1777 Io
695 1736 933 1792 relinquens
960 1737 1059 1778 forti
1087 1737 1225 1778 animo
1249 1737 1426 1793 jubetur
1460 1748 1624 1779 tranare

162 1805 414 1860 Bosporum,
436 1803 509 1860 qui
528 1804 581 1846 ab
600 1804 691 1860 ejus
711 1804 885 1845 transitu
908 1803 964 1845 sic
983 1804 1185 1845 dicendus
1201 1814 1318 1855 esset⁷
1335 1804 1623 1847 Cimmerium.

163 1874 352 1929 Bosporo
367 1882 507 1914 autem
527 1873 716 1929 trajecto,
741 1875 885 1928 (quem
906 1871 1005 1927 quia
1024 1887 1097 1927 per
1121 1887 1216 1912 eum
1243 1872 1437 1914 introitus
1463 1883 1552 1914 erat
1578 1873 1619 1914 in

162 1941 356 1998 paludem
380 1940 618 1982 Maeoticam
641 1941 903 1993 στενοπόρους
921 1941 1063 1992 λίμνης
1082 1941 1221 1990 πύλας,
1243 1950 1282 1981 et
1304 1941 1465 1982 αὐλῶνα
1480 1945 1618 1982 Μαιω-

162 2009 270 2050 τικὸν
299 2008 529 2065 AEschylus
557 2007 759 2065 appellat)
792 2009 844 2049 Io
874 2008 1062 2064 pervenit
1092 2009 1134 2048 in
1167 2008 1470 2050 Chersonesum
1504 2011 1622 2050 Tau-

162 2075 314 2123 ricam;
346 2075 461 2131 quod
490 2075 565 2116 etsi
586 2075 814 2132 AEschylus
843 2075 994 2116 diserte
1023 2090 1104 2115 non
1134 2075 1302 2126 indicat,
1324 2090 1376 2116 ex
1405 2074 1497 2132 ipso
1526 2090 1622 2117 con-

163 2151 281 2184 textu
313 2155 448 2184 tamen
478 2142 709 2199 colligitur;
742 2152 784 2184 et
813 2142 1122 2199 quodammodo
1150 2143 1204 2184 ab
1236 2143 1498 2199 Apollodoro
1526 2159 1622 2184 con-

163 2212 365 2261 firmatur,
386 2210 459 2266 qui
481 2211 532 2251 Io
552 2211 674 2252 etiam
697 2210 740 2251 in
754 2213 971 2263 Κιμμερίδα
988 2213 1064 2263 γῆν
1078 2210 1234 2251 venisse
1250 2220 1403 2252 narrat.
1435 2212 1623 2264 Κιμμερὶς

162 2281 213 2332 γῆ
236 2293 332 2319 vero
360 2288 422 2319 est
452 2278 734 2320 Chersonesus
762 2277 959 2327 Taurica,
989 2277 1030 2318 in
1062 2293 1147 2333 qua
1178 2277 1422 2319 Cimmerios
1452 2294 1622 2335 quoque

161 2345 257 2387 olim
279 2345 483 2387 habitasse
503 2355 648 2386 notum
669 2355 746 2387 est.

218 2415 258 2454 E
281 2413 538 2454 Chersoneso
558 2412 756 2464 Taurica,
777 2413 974 2469 quoniam
998 2413 1273 2455 Prometheus
1295 2414 1360 2455 Ioi
1388 2414 1621 2464 denuntiat,

162 2495 252 2521 eam
284 2479 425 2521 relicta
455 2481 630 2536 Europa
658 2481 700 2521 in
734 2480 1011 2522 continentem
1042 2481 1159 2521 Asiae
1188 2490 1405 2522 venturam
1439 2497 1540 2531 esse,
1571 2483 1624 2523 Io

163 2548 334 2604 trajecto
362 2558 491 2604 ponto
512 2548 683 2589 Euxino
712 2547 753 2588 in
784 2548 1024 2598 Thraciam,
1046 2564 1067 2588 e
1091 2548 1273 2590 Thracia
1294 2564 1391 2589 vero
1419 2564 1495 2605 per
1516 2551 1620 2590 Bos-

163 2630 312 2671 porum
336 2615 565 2656 Thracium
592 2615 635 2656 in
655 2614 802 2656 Asiam
822 2614 982 2656 venisse
1012 2615 1188 2666 videtur,
1210 2614 1242 2656 si
1265 2631 1304 2656 v.
1331 2628 1427 2671 790.
1448 2618 1620 2669 ῥεῖθρον,

163 2683 334 2736 ἠπείρων
353 2683 447 2735 ὅρον
465 2682 518 2723 de
548 2683 736 2739 Bosporo
756 2682 940 2724 Thracio
965 2683 1154 2739 accipias.
1221 2684 1359 2724 Vossio
1389 2692 1526 2724 tamen
1560 2684 1622 2736 (in

163 2748 272 2791 libro
302 2749 635 2806 Mythologische
659 2749 807 2804 Briqfh
837 2761 877 2790 2.
909 2761 975 2803 17.
1006 2764 1050 2805 p.
1084 2752 1199 2805 137.)
1226 2750 1378 2791 Phasis
1404 2750 1624 2807 significari

162 2816 341 2867 videtur,
363 2831 487 2872 quem
505 2815 734 2872 AEschylus
750 2816 792 2857 in
814 2817 1048 2872 fragmento
1068 2817 1307 2858 Promethei
1329 2817 1452 2859 soluti
1471 2818 1624 2860 diserte

162 2883 345 2925 nominat
365 2884 511 2938 χθονὸς
531 2885 717 2936 Εὐρώπης
735 2884 864 2937 μέγαν
883 2883 939 2935 ἠδ’
961 2883 1102 2928 Ἀσίας
1121 2884 1306 2937 τέρμονα.

217 2950 429 2994 Heathius
458 2951 580 3007 longe
609 2951 728 2993 aliam
760 2962 799 2992 et
830 2951 1074 2994 contrariam
1106 2967 1277 3008 prorsus
1297 2952 1405 2994 viam
1435 2969 1482 2995 ac
1501 2954 1626 2996 ratio·
1696 2981 1699 2985 v
