1898 3256
347 243 437 284 AD
470 241 722 284 SEPTEM
756 238 1091 282 ADVERSUS
1125 237 1395 279 THEBAS.
1522 235 1601 277 151

201 366 297 396 221.
330 351 717 408 ἀστυδρομουμέναν]
750 350 1119 405 ἀστυδρομουμένην
1150 349 1351 392 editiones
1383 357 1480 390 ante
1516 347 1606 389 Ste-

140 421 325 478 phanum
346 431 388 463 et
407 436 517 463 unus
535 420 691 463 alterve
710 419 854 462 codex.

200 502 299 534 222.
331 489 572 544 ἀπτόμενον]
603 506 664 543 γρ.
687 489 925 542 τυφόμενον,
947 488 1034 529 οἷον
1054 487 1264 539 καιόμενον
1291 486 1495 537 πολεμίων
1513 484 1610 537 πυρί

141 572 285 614 margo
307 559 373 599 M.
404 557 630 612 τυφόμενον
649 557 681 598 si
702 566 812 598 recte
834 555 1014 606 haberet,
1037 553 1241 608 στράτευμ’
1263 553 1305 594 in
1323 552 1495 606 στρατὸν
1514 566 1606 593 mu-

140 625 313 667 tandum
335 626 455 668 foret.
517 625 601 667 Sed
629 634 692 666 est
719 624 822 666 illud
844 625 1068 678 τυφόμενον
1096 622 1301 678 glossema
1328 619 1605 677 grammatici,

139 693 226 749 qui'
243 693 419 735 verbum
451 693 702 735 desideraret
733 691 902 748 utrique
930 690 1102 741 nomini,
1127 688 1248 732 πόλιν
1275 690 1338 730 καὶ
1368 687 1606 742 στράτευμα,

139 761 490 803 accommodatius
509 775 635 817 quarn
666 758 902 812 ἁπτόμενον,
924 757 1037 815 quod
1068 757 1121 799 de
1152 757 1255 799 urbe
1284 756 1424 814 aptius
1452 755 1607 797 dicitur

140 844 267 886 quam
286 829 340 872 de
359 829 557 871 exercitu.
608 829 762 870 Versus
781 842 833 869 ex
854 827 1021 884 dactylo
1040 835 1081 868 et
1102 825 1295 867 dochmio
1314 825 1580 882 compositus.

199 910 294 953 223.
322 897 535 953 βουλεύου]
557 896 833 949 ουμβουλεύου
853 894 958 937 Ald.
1009 893 1133 945 Quod
1155 893 1229 950 qui
1254 893 1416 951 scripsit
1437 893 1488 935 σὺ
1505 898 1603 946 βου-

140 967 261 1008 λεύου
280 965 425 1007 voluit.

199 1046 295 1085 224.
327 1031 566 1087 Πειθαρχία]
594 1030 851 1072 Obedientia.
886 1029 1095 1071 Stanleius
1114 1029 1215 1071 citat
1238 1029 1433 1086 Sophocl.
1454 1029 1604 1086 Antig.

141 1103 237 1156 675.
269 1105 347 1142 τῶν
380 1099 411 1142 δ’
448 1098 696 1153 ὀρθουμένων
729 1099 849 1147 Σώζει
882 1099 932 1138 τὰ
970 1099 1106 1139 πολλὰ
1140 1098 1289 1150 σώμαθ’
1321 1098 1346 1150 ἡ
1380 1098 1603 1151 πειθαρχία.

142 1170 293 1211 Pulcre
320 1177 460 1211 autem
486 1167 640 1210 dicitur
672 1166 879 1219 εὐπραξίας
908 1164 1045 1218 μήτηρ.
1094 1164 1311 1221 Theognis
1339 1166 1440 1221 384.
1469 1165 1607 1217 πενίης

142 1236 290 1290 Μητέρ’
311 1236 544 1291 ἀμηχανίην.
588 1234 834 1290 Ecphantus
856 1232 1149 1289 Pythagoreus
1167 1233 1281 1290 apud
1306 1232 1420 1274 Stob.
1443 1248 1484 1289 p.
1505 1245 1604 1288 302.

139 1305 206 1346 ed.
239 1304 435 1346 TrincaV.
463 1305 489 1344 ἅ
518 1305 594 1357 γὰρ
626 1301 867 1344 πολυτέλεια
894 1300 1020 1354 μάτηρ
1054 1304 1122 1345 τᾶς
1156 1302 1359 1354 ἀκρασίας.
1407 1299 1604 1357 Sophocl.

140 1373 261 1428 Ajac.
296 1383 391 1427 173.
417 1370 476 1413 Ὠ
511 1370 668 1424 μεγάλα
702 1369 832 1423 φάτις,
865 1369 894 1410 ὦ
923 1371 1045 1422 μᾶτερ
1074 1370 1270 1423 αἰσχύνας
1300 1371 1406 1421 ἐμᾶς.
1453 1368 1603 1425 Eurip.

139 1440 252 1497 apud
276 1440 394 1482 Stob.
414 1452 485 1494 49.
506 1454 548 1496 p.
575 1438 667 1492 187.
692 1437 813 1479 Grot.
834 1435 890 1478 ‘H
911 1439 987 1490 γὰρ
1007 1437 1187 1490 τυραννὶς
1206 1437 1355 1480 ἀδικίας
1369 1436 1493 1490 μήτηρ
1514 1437 1604 1491 ἔφυ.

141 1507 524 1564 Pseudo-Ignatius
557 1521 598 1563 p.
629 1506 699 1547 80.
733 1504 798 1546 ed.
830 1506 946 1547 Voss.
982 1504 1106 1558 μήτηρ
1133 1507 1201 1557 τῆς
1233 1506 1386 1549 ἐνδείας
1416 1505 1440 1557 ἡ
1473 1505 1605 1559 ἀργία.

140 1576 330 1618 Incertus
358 1591 425 1632 ap.
448 1574 582 1616 Rutil.
607 1574 722 1630 Lup.
742 1588 837 1630 pag.
860 1585 929 1627 90.
963 1573 1241 1614 Crudelitatis
1270 1579 1405 1614 mater
1423 1578 1484 1615 est
1502 1587 1606 1615 ava-

139 1645 259 1695 ritia,
289 1650 328 1685 et
352 1643 642 1700 paterflror.
687 1641 754 1683 Cf.
786 1642 941 1696 Agam.
973 1649 1071 1695 759.
1094 1641 1275 1682 Eumen.
1301 1653 1400 1696 531.
1451 1640 1607 1698 Adjice

141 1711 335 1753 Alcman.
354 1726 422 1767 ap.
445 1709 658 1751 Plutarch.
689 1724 731 1765 p.
750 1709 834 1764 318
856 1709 914 1748 A.
944 1708 1312 1762 Τύχη-Εὐνομίας
1342 1709 1405 1750 καὶ
1435 1712 1607 1754 Πειθοῦς

141 1779 310 1832 ἀδελφὴ,
333 1779 396 1820 καὶ
414 1778 666 1831 Προμηθείας
686 1775 870 1830 θυγατῆρ.
906 1776 1139 1816 BLOMF.

201 1858 296 1903 225.
334 1847 434 1901 γυνὴ
467 1845 657 1901 σωτῆρος]
690 1844 964 1887 Scribendum
1000 1846 1122 1898 γονῆς
1155 1846 1328 1898 σωτῆρος
1359 1859 1455 1886 cum
1495 1846 1606 1886 Her-

143 1930 294 1956 manno
315 1917 473 1972 Opusc.
497 1913 574 1955 vol.
596 1927 638 1965 4.
659 1928 698 1969 p.
722 1922 821 1968 335.
843 1921 1046 1953 commate
1076 1919 1170 1967 post
1190 1911 1312 1965 μήτηρ
1334 1912 1485 1968 posito.
1539 1912 1606 1954 Sic

145 1983 243 2037 γονή
263 1982 305 2024 ἰῐι
325 1982 416 2024 loco
436 1981 616 2038 quodam
642 1979 856 2036 Sophoclis
878 1979 1047 2036 (fragm.
1068 1981 1188 2035 547.)
1210 1979 1252 2020 in
1273 1980 1373 2033 γυνή
1386 1980 1475 2037 jam
1495 1980 1604 2022 anti-

143 2051 287 2107 quitus
305 2058 548 2106 corruptum
571 2048 729 2090 notavit
749 2047 988 2104 Hesychius
1007 2063 1039 2089 s.
1061 2063 1099 2089 v.
1119 2047 1292 2101 Ἰλλυρὶς
1311 2047 1425 2101 γονή.

148 2148 153 2150 ·
200 2128 263 2170 ὧδ’
286 2129 373 2183 ἔχει
392 2126 530 2182 λόγος]
555 2127 702 2168 Habes
731 2140 863 2167 meam
892 2128 1141 2168 sententiam
1172 2136 1281 2168 recte
1308 2126 1607 2183 interpretatur

145 2195 402 2238 Schuetzius.
456 2194 652 2237 Similiter
675 2196 829 2251 Agam.
855 2195 976 2236 1661.
999 2194 1062 2236 ὧδ’
1085 2195 1170 2249 ἔχει
1198 2193 1322 2248 λόγος
1350 2194 1548 2248 γυναικὸς,
1571 2196 1610 2236 εἴ

142 2281 200 2308 τις
219 2265 324 2316 ἀξιοῖ
339 2267 493 2305 παθεῖν.
553 2264 622 2304 De
647 2262 809 2303 numeri
830 2262 986 2304 ratione
1009 2262 1165 2304 dictum
1189 2273 1250 2305 est
1271 2264 1386 2304 Pers.
1410 2275 1510 2317 343.
1533 2262 1606 2304 ubi

143 2332 315 2374 nuntius
334 2330 584 2373 enumeratis
605 2331 848 2373 Graecorum
868 2340 910 2372 et
930 2332 1150 2372 Persarum
1177 2330 1306 2388 copiis
1335 2330 1426 2371 haec
1454 2329 1495 2371 in
1523 2330 1606 2371 fine

143 2400 270 2442 verba
288 2400 419 2452 addit,
438 2398 501 2441 ὧδ’
524 2399 608 2453 ἔχει
627 2397 759 2452 λόγος.

205 2480 298 2520 226.
331 2478 434 2533 ἔστι]
460 2478 547 2519 Pro
567 2476 711 2529 ἀληθές
732 2478 817 2518 ἐστι
837 2476 984 2533 accipit
1004 2477 1238 2528 scholiasta,
1259 2477 1380 2533 cujus
1403 2476 1445 2517 in
1466 2475 1605 2518 codice

143 2555 237 2601 post
258 2547 344 2588 ἔστι
361 2546 670 2602 interpunctum
693 2544 786 2585 fuit.
819 2543 949 2585 Male.

202 2645 322 2701 θεοῖς]
344 2615 437 2687 0⁶23
456 2646 521 2686 M.
557 2647 648 2686 θεοῦ
665 2645 714 2685 L.
746 2643 954 2685 Pluralem
977 2643 1077 2699 legit
1098 2642 1370 2684 Marcellinus
1385 2643 1457 2699 qui
1478 2643 1605 2700 huJus

144 2714 222 2756 loci
251 2713 493 2755 sententiam
524 2711 708 2754 reddidit
730 2711 772 2752 in
795 2711 891 2753 Vita
912 2711 1111 2768 Thucyd.
1142 2726 1183 2768 p.
1208 2723 1244 2752 2.
1266 2710 1334 2751 ed.
1357 2709 1476 2759 Duk.
1500 2710 1603 2765 (viii.

145 2781 302 2836 Bekk.)

202 2870 301 2914 227.
323 2858 409 2914 τὸν]
431 2860 503 2900 τᾶν
523 2857 629 2899 libri.
662 2858 904 2899 Correctum
926 2872 979 2898 ex
999 2856 1259 2898 Marcellino.

202 2937 424 2993 ἀμήχανον]
456 2937 651 2978 Formam
685 2936 879 2978 Doricam
901 2935 1109 2990 ἀμάχανον
1127 2944 1238 2978 recte
1266 2935 1443 2978 restituit
1467 2935 1604 2978 Blom-

145 3003 307 3047 fieldus.
