1898 3256
669 244 760 286 AD
791 242 1043 286 PERSAS.
1507 238 1594 283 239

127 362 274 405 Lexic.
291 361 484 420 Seguier.
514 375 557 418 p.
578 359 679 413 416,
705 371 770 400 11.
793 355 944 399 Ἀπαν·
976 357 1015 397 οἱ
1043 356 1119 407 μὲν
1142 353 1279 398 Ἴωνες
1308 352 1594 399 συστέλλουσι,

127 432 192 474 καὶ
211 433 250 473 οἱ
268 431 439 482 ποιηταὶ,
461 429 707 474 οἶον-τῶν
731 425 764 468 δ’
787 425 892 468 ἅπαν
922 423 1104 476 ἐπλήσθη
1134 423 1285 465 πεδίον.
1309 421 1385 476 (Il.
1405 425 1455 463 T.
1480 422 1595 476 156.)

126 500 191 542 καὶ
210 501 248 542 οἱ
265 498 438 541 Ἀττικοὶ
459 497 678 539 ἐκτείνουσι
697 495 769 547 τὴν
787 491 974 547 ὑστέραν,
996 491 1060 533 καὶ
1080 490 1125 532 τὸ
1145 489 1334 543 παράπαν
1353 490 1511 543 ὁμοίως,
1532 488 1596 530 καὶ

126 567 283 610 ἅπαντα
301 569 351 609 τὰ
369 569 546 614 τοιαῦτα,
570 563 741 619 (Suidas
762 562 826 605 καὶ
846 561 953 604 ἅπαν
974 561 1037 602 καὶ
1056 561 1107 601 τὰ
1127 560 1319 613 τοιαῦτα.)
1366 556 1493 603 Quod
1515 556 1593 598 fal-

127 649 219 677 sum
254 643 332 677 est.
381 633 535 690 Eurip.
572 631 692 673 Med.
727 631 850 685 1087.
889 627 1052 682 πάμπᾶν
1088 628 1261 682 ἄπειρος.
1316 626 1516 668 Eustath.
1555 624 1597 666 in

131 703 216 746 Od.
239 707 284 745 Β.
306 718 351 760 p.
377 714 502 758 1434,
528 714 565 742 1.
584 699 757 741 Ἀττικοὶ
777 699 821 740 δὲ
842 699 940 739 κατὰ
962 698 1104 739 Αἴλιον
1127 696 1356 743 Διονύσιον,
1379 695 1599 736 ἐκτείνουσι

129 772 203 824 τὴν
227 770 400 824 ὑστέραν
426 773 494 811 τοῦ
523 769 642 811 ἅπαν.
674 768 806 820 ἕτερος
833 767 877 807 δὲ
904 764 1031 820 ῥήτωρ
1060 766 1105 806 ἐν
1128 765 1257 820 οἰκείῳ
1284 763 1426 819 λεξικῷ
1451 761 1600 816 γράφει

130 841 193 882 ὅτι
213 841 235 881 ὁ
254 841 376 893 λόγος
394 838 614 893 βραχύνειν
633 834 739 888 ἀξιοῖ
765 834 810 876 τὸ
840 834 961 876 ἅπαν.
992 834 1042 875 rb.
1067 834 1146 887 γὰρ
1175 830 1601 886 παρασχηματιζόμενα

130 912 215 952 τοῖς
238 909 294 951 εἷς
313 912 359 951 ἇς
377 905 578 959 οὐδέτερα,
598 904 883 958 βραχύνονται.
919 902 1018 949 οἷον,
1040 900 1183 954 μέλαν,
1205 899 1347 941 τάλαν.
1388 900 1511 942 οὕτως
1530 897 1602 939 οὖν

130 975 197 1019 καὶ
215 975 336 1017 ἅπαν.
379 976 415 1016 εἰ
444 975 487 1016 δὲ
514 977 653 1023 ταῦτα,
674 973 814 1027 πολλῷ
843 969 970 1012 πλέον
989 968 1034 1011 τὸ
1052 968 1218 1021 πάμπαν
1238 968 1431 1021 ἐπίρρημα
1451 983 1599 1008 συστα-

131 1043 313 1096 λήσεται.
358 1044 524 1085 Auctor
550 1041 605 1083 de
634 1038 810 1083 Prosod.
841 1054 908 1096 ap.
942 1039 1178 1079 Hermann.
1203 1035 1258 1078 de
1284 1037 1383 1077 Em.
1411 1035 1488 1076 Gr.
1519 1034 1598 1076 Gr.

134 1127 179 1168 p.
209 1125 310 1167 439.
339 1111 407 1153 ὅτε
437 1110 573 1163 μέντοι
601 1109 646 1150 τὸ
676 1111 756 1150 πᾶν
783 1105 1040 1158 δισυλλάβως
1068 1105 1249 1159 λέγηται,
1277 1105 1368 1146 τότε
1396 1104 1476 1156 ἕξει
1501 1103 1547 1145 τὸ
1577 1121 1604 1145 α

135 1178 472 1231 συνεσταλμένον,
498 1179 679 1231 σύμπαν,
716 1176 836 1218 ἅπαν.
878 1174 923 1216 τὸ
957 1176 1000 1216 δὲ
1035 1174 1142 1216 ἅπαν
1175 1175 1332 1227 εὕρηται
1365 1171 1456 1226 παρ’
1486 1171 1604 1224 Ἀθη-

136 1249 262 1291 ναίοις
281 1249 458 1289 ἐκτεῖνον
476 1246 522 1288 τὸ
543 1263 582 1294 α.
633 1243 886 1302 Apollonius
912 1242 965 1283 de
994 1241 1187 1283 Adverb.
1218 1256 1260 1298 p.
1279 1242 1381 1296 569.
1401 1240 1467 1282 ed.
1490 1239 1603 1281 Bek-

140 1315 225 1357 ker.
249 1315 307 1356 ἔτι
326 1314 371 1356 rb
392 1318 472 1356 πᾶν
490 1314 806 1366 μονοσύλλαβον
824 1312 899 1364 μὲν
924 1309 973 1352 ὂν
999 1311 1044 1351 ἐν
1071 1312 1118 1366 τῇ
1149 1309 1309 1350 ἐκτάσει
1338 1311 1408 1350 τοῦ
1433 1313 1458 1349 ἃ
1477 1309 1602 1350 ἐστίν·

135 1385 234 1436 ὑπὲρ
263 1384 358 1435 μίαν
386 1383 430 1423 δὲ
457 1380 671 1433 συλλαβὴν
696 1378 947 1430 καθεστηκὸς,
973 1379 1052 1419 εἴτε
1082 1377 1145 1418 καὶ
1172 1379 1270 1418 κατὰ
1297 1378 1502 1425 σύνθεσιν,
1526 1377 1606 1419 εἴτε

137 1452 202 1493 καὶ
222 1450 320 1507 [κατ’
342 1451 516 1506 ἔνὸ]ειαν
536 1452 605 1490 τοῦ
625 1448 883 1491 ἐλλείποντος
902 1452 940 1497 ᾶ,
963 1447 1007 1487 ἐν
1028 1446 1220 1497 συστολῇ,
1239 1446 1411 1498 σύμπαν,
1433 1445 1603 1498 πρόπαν,

137 1520 256 1561 ἅπαν·
288 1520 385 1572 ὅπερ
415 1517 644 1559 ἆνεδέδεκτο
677 1516 740 1558 καὶ
769 1516 814 1557 τὸ
836 1516 1028 1568 ἐπίρρημα
1055 1515 1100 1555 ἐν
1129 1516 1181 1569 τῷ
1201 1513 1382 1565 πάμπαν.
1445 1513 1498 1553 In
1527 1512 1605 1553 hoc

135 1603 257 1630 versu
279 1585 540 1628 scribendum
563 1585 671 1626 forte
692 1583 852 1626 divisim
876 1582 939 1624 ἐπὶ
959 1586 1051 1624 πᾶν.
1086 1582 1319 1622 BLOMF.
1376 1580 1481 1621 AElii
1504 1580 1609 1621 Dio-

138 1655 244 1712 nysii
275 1655 328 1696 de
360 1653 468 1696 ἅπαν
498 1653 704 1710 producto
728 1651 971 1693 sententiam
996 1651 1213 1692 coufirmat
1243 1649 1462 1705 Aristoph.
1490 1649 1602 1692 Ach.

145 1723 244 1779 998.
267 1723 331 1764 καὶ
351 1723 440 1775 περὶ
459 1722 504 1763 rb
525 1723 671 1776 χωρίον
691 1720 799 1763 ἅπαν
825 1723 972 1776 ἐλᾷδας
1003 1721 1145 1774 κύκλῳ.
1204 1719 1314 1761 Nam
1346 1718 1403 1759 sic
1433 1718 1610 1775 scriptu-

141 1806 228 1832 ram
251 1790 448 1832 librorum
479 1791 628 1845 χωρίον
646 1789 754 1832 ἅπαν
774 1788 936 1832 ἐλαΐδας
966 1790 1011 1830 ἐν
1031 1789 1160 1843 κύκλῳ
1180 1787 1388 1828 verissime
1416 1786 1610 1828 emenda-

141 1859 202 1900 vit
223 1859 451 1900 Bentleius.
513 1859 665 1915 Itaque
695 1873 776 1899 non
809 1855 1175 1913 reprehendendus
1195 1855 1361 1896 videtur
1381 1854 1607 1911 AEschylus

140 1926 216 1982 qui
245 1928 392 1968 ἐπίπαν
421 1926 626 1982 producta
656 1926 814 1983 syllaba
843 1924 990 1966 ultima
1020 1924 1184 1974 dixerit,
1211 1939 1342 1980 quum
1377 1923 1602 1979 praesertim

141 1994 289 2035 ἐπίπαν
308 1992 386 2034 hoc
405 1992 495 2034 loco
516 2008 596 2034 non
618 2002 701 2035 tam
724 1993 966 2035 adverbium
985 2008 1111 2048 quam
1134 1992 1380 2049 adjectivum
1404 1992 1469 2042 sit,
1485 1992 1550 2048 cuj
1559 2008 1607 2035 us

142 2071 255 2103 certa
292 2061 480 2118 exempla
521 2072 619 2103 sunt
657 2061 699 2102 in
738 2061 1002 2117 inscriptione
1039 2060 1227 2102 Cretensi
1266 2060 1380 2116 apud
1422 2059 1604 2102 Boeckh.

142 2129 224 2171 vol.
250 2142 286 2173 2.
307 2145 352 2186 p.
373 2143 473 2184 409,
501 2142 567 2184 15.
592 2129 765 2182 εὐνοήσω
786 2135 867 2174 τοῖς
887 2131 1052 2171 ἐπίπασι
1074 2128 1366 2182 Ἱεραπυτνίοις.
1398 2138 1439 2170 et
1463 2129 1529 2170 18.
1554 2130 1606 2170 Οἱ

142 2199 353 2241 ἐπίπαντες
371 2197 641 2251 Ἱεραπύτνιοι.

196 2268 341 2307 ἐπίπαν
386 2266 639 2319 ἠπειρογενὲς
688 2266 924 2321 κατέχουσιν
962 2267 1093 2321 ἔθνος]
1147 2265 1294 2322 Hujus
1333 2265 1604 2307 circumlocu-

141 2333 264 2375 tionis
294 2334 399 2376 ratio
427 2333 565 2386 altius,
603 2334 646 2376 ni
671 2333 807 2386 fallor,
837 2334 1060 2391 repetenda
1089 2344 1164 2375 est.
1226 2334 1385 2375 Notatu
1417 2333 1608 2389 dignissi-

144 2416 258 2443 mum
291 2412 366 2451 est,
406 2417 614 2458 nusquam
652 2402 706 2443 ab
744 2402 962 2458 AEschylo‚
1003 2402 1043 2443 in
1085 2400 1344 2443 recensendis
1384 2402 1605 2442 Persarum

144 2469 286 2525 copiiS‚
315 2469 562 2510 mentionem
600 2470 753 2510 Ionum
786 2469 976 2526 injectam
1013 2485 1110 2510 esse.
1173 2468 1353 2510 Facinus
1388 2468 1608 2524 indignum

145 2536 321 2592 putabat
352 2536 670 2578 Atheniensium
701 2538 939 2578 colonorum
972 2546 1156 2594 posteros
1182 2552 1207 2577 a
1235 2535 1394 2577 Xerxis
1420 2535 1610 2591 partibus

146 2604 317 2654 stetisse,
338 2603 470 2645 noluit
490 2615 627 2645 tamen
658 2604 706 2645 iis
735 2604 898 2661 culpam
926 2604 1146 2661 imputare,
1168 2618 1300 2660 quum
1332 2603 1373 2643 in
1405 2618 1474 2644 eos
1503 2603 1609 2644 bene

146 2671 280 2713 affecti
295 2681 430 2713 essent
451 2672 752 2720 Athenienses;
785 2672 871 2713 vid.
894 2671 1099 2713 Herodot.
1121 2685 1164 2726 9,
1187 2673 1280 2712 106.
1312 2671 1451 2720 Quare
1466 2685 1609 2712 omnes

148 2739 280 2780 Ioniae
300 2738 452 2780 incolas
473 2739 551 2780 sub
574 2739 794 2795 Lydorum
816 2739 980 2780 nomine
1003 2737 1343 2794 comprehendit3
1376 2747 1418 2778 et
1437 2737 1608 2794 quidem

147 2822 199 2848 ex
233 2806 405 2848 urbibus
441 2806 608 2856 Ionicis,
645 2822 716 2847 sex
752 2806 861 2848 intra
897 2805 1047 2861 Lydiae
1082 2806 1184 2847 fines
1215 2805 1304 2847 sitae
1337 2817 1474 2848 erant:
1521 2806 1606 2848 vid.

150 2874 356 2916 Herodot.
383 2887 419 2923 1,
442 2886 533 2925 142.
566 2875 799 2915 BLOMF.

208 2954 280 2997 43.
311 2941 547 2995 κατέχουσιν
568 2941 695 2997 ἔθνος]
726 2941 820 2983 Etsi
844 2941 933 2983 haec
952 2941 1145 2997 explicari
1168 2952 1355 2998 possunt,
1377 2943 1409 2984 si
1431 2944 1612 2999 κατέχειν

154 3010 267 3053 ἔθνος
295 3008 536 3052 insolentius
565 3008 723 3051 dictum
755 3009 820 3060 sit,
848 3024 924 3066 pro
948 3015 1077 3066 gente
1102 3010 1244 3067 aliqua
1270 3012 1488 3064 contineri,
1509 3012 1611 3054 mihi
