<?xml version="1.0" encoding="UTF-8"?>
<!DOCTYPE html PUBLIC "-//W3C//DTD XHTML 1.0 Transitional//EN"
    "http://www.w3.org/TR/xhtml1/DTD/xhtml1-transitional.dtd">
<html xmlns="http://www.w3.org/1999/xhtml" xml:lang="en" lang="en">
 <head>
  <title>
</title>
<meta http-equiv="Content-Type" content="text/html;charset=utf-8" />
  <meta name='ocr-system' content='tesseract 3.04.00' />
  <meta name='ocr-capabilities' content='ocr_page ocr_carea ocr_par ocr_line ocrx_word'/>
</head>
<body>
  <div class='ocr_page' id='page_1' title='image "./tragoediaesupers02aescuoft_0139.png"; bbox 0 0 1898 3256; ppageno 0'>
   <div class='ocr_carea' id='block_1_1' title="bbox 372 243 1631 291">
    <p class='ocr_par' dir='ltr' id='par_1_1' title="bbox 372 243 1631 291">
     <span class='ocr_line' id='line_1_1' title="bbox 372 243 1631 291; baseline -0.003 0"><span class='ocrx_word' id='word_1_1' title='bbox 372 249 462 290; x_wconf 92' lang='lat' dir='ltr'><strong>AD</strong></span> <span class='ocrx_word' id='word_1_2' title='bbox 495 248 749 291; x_wconf 91' lang='lat' dir='ltr'>SEPTEM</span> <span class='ocrx_word' id='word_1_3' title='bbox 781 247 1111 290; x_wconf 87' lang='lat' dir='ltr'>ADVERSUS</span> <span class='ocrx_word' id='word_1_4' title='bbox 1145 247 1415 288; x_wconf 89' lang='lat' dir='ltr'>THEBAS.</span> <span class='ocrx_word' id='word_1_5' title='bbox 1547 243 1631 288; x_wconf 81' lang='lat'><strong>135</strong></span> 
     </span>
    </p>
   </div>
   <div class='ocr_carea' id='block_1_2' title="bbox 160 358 1634 2999">
    <p class='ocr_par' dir='ltr' id='par_1_2' title="bbox 223 358 1007 416">
     <span class='ocr_line' id='line_1_2' title="bbox 223 358 1007 416; baseline 0.001 -17"><span class='ocrx_word' id='word_1_6' title='bbox 223 359 346 414; x_wconf 83' lang='grc' dir='ltr'>ὅστις]</span> <span class='ocrx_word' id='word_1_7' title='bbox 368 360 421 403; x_wconf 82' lang='grc' dir='ltr'><strong>ὥς</strong></span> <span class='ocrx_word' id='word_1_8' title='bbox 438 376 496 403; x_wconf 80' lang='grc' dir='ltr'>τις</span> <span class='ocrx_word' id='word_1_9' title='bbox 514 359 674 416; x_wconf 81' lang='lat' dir='ltr'>aliquot</span> <span class='ocrx_word' id='word_1_10' title='bbox 692 358 812 401; x_wconf 89' lang='lat' dir='ltr'><strong>codd.</strong></span> <span class='ocrx_word' id='word_1_11' title='bbox 833 368 875 400; x_wconf 91' lang='lat' dir='ltr'><strong>et</strong></span> <span class='ocrx_word' id='word_1_12' title='bbox 896 358 1007 400; x_wconf 83' lang='lat' dir='ltr'><strong>Rob.</strong></span> 
     </span>
    </p>

    <p class='ocr_par' dir='ltr' id='par_1_3' title="bbox 221 426 597 482">
     <span class='ocr_line' id='line_1_3' title="bbox 221 426 597 482; baseline 0.003 -15"><span class='ocrx_word' id='word_1_13' title='bbox 221 426 344 482; x_wconf 85' lang='grc' dir='ltr'>λαβέ]</span> <span class='ocrx_word' id='word_1_14' title='bbox 364 427 472 479; x_wconf 86' lang='grc' dir='ltr'>λάβε</span> <span class='ocrx_word' id='word_1_15' title='bbox 492 426 597 468; x_wconf 80' lang='lat' dir='ltr'>libri.</span> 
     </span>
    </p>

    <p class='ocr_par' dir='ltr' id='par_1_4' title="bbox 164 493 1634 682">
     <span class='ocr_line' id='line_1_4' title="bbox 223 493 1634 551; baseline -0.001 -17"><span class='ocrx_word' id='word_1_16' title='bbox 223 495 291 548; x_wconf 90' lang='lat'><strong>67.</strong></span> <span class='ocrx_word' id='word_1_17' title='bbox 315 495 516 548; x_wconf 83' lang='grc' dir='ltr'>σαφηνεία</span> <span class='ocrx_word' id='word_1_18' title='bbox 535 510 587 536; x_wconf 86' lang='lat' dir='ltr'><strong>ex</strong></span> <span class='ocrx_word' id='word_1_19' title='bbox 610 495 674 535; x_wconf 89' lang='lat' dir='ltr'><strong>M.</strong></span> <span class='ocrx_word' id='word_1_20' title='bbox 696 493 869 551; x_wconf 88' lang='lat' dir='ltr'><strong>aliisque</strong></span> <span class='ocrx_word' id='word_1_21' title='bbox 889 502 932 535; x_wconf 90' lang='lat' dir='ltr'><strong>et</strong></span> <span class='ocrx_word' id='word_1_22' title='bbox 952 493 1063 534; x_wconf 83' lang='lat' dir='ltr'><strong>Rob.</strong></span> <span class='ocrx_word' id='word_1_23' title='bbox 1090 493 1328 534; x_wconf 80' lang='lat' dir='ltr'><strong>restitutum</strong></span> <span class='ocrx_word' id='word_1_24' title='bbox 1362 509 1439 550; x_wconf 86' lang='lat' dir='ltr'><strong>pro</strong></span> <span class='ocrx_word' id='word_1_25' title='bbox 1461 494 1634 549; x_wconf 84' lang='lat' dir='ltr'><strong>vulgato</strong></span> 
     </span>
     <span class='ocr_line' id='line_1_5' title="bbox 164 560 1632 619; baseline 0.001 -19"><span class='ocrx_word' id='word_1_26' title='bbox 164 560 260 601; x_wconf 87' lang='lat' dir='ltr'><strong>olim</strong></span> <span class='ocrx_word' id='word_1_27' title='bbox 293 564 485 618; x_wconf 77' lang='grc' dir='ltr'>σαφηνίᾳ,</span> <span class='ocrx_word' id='word_1_28' title='bbox 516 562 630 619; x_wconf 89' lang='lat' dir='ltr'><strong>quod</strong></span> <span class='ocrx_word' id='word_1_29' title='bbox 662 574 772 604; x_wconf 87' lang='lat' dir='ltr'><strong>notae</strong></span> <span class='ocrx_word' id='word_1_30' title='bbox 807 577 889 604; x_wconf 89' lang='lat' dir='ltr'><strong>non</strong></span> <span class='ocrx_word' id='word_1_31' title='bbox 927 561 1106 603; x_wconf 88' lang='lat' dir='ltr'><strong>melioris</strong></span> <span class='ocrx_word' id='word_1_32' title='bbox 1135 571 1197 603; x_wconf 87' lang='lat' dir='ltr'><strong>est</strong></span> <span class='ocrx_word' id='word_1_33' title='bbox 1224 576 1350 618; x_wconf 89' lang='lat' dir='ltr'><strong>quam</strong></span> <span class='ocrx_word' id='word_1_34' title='bbox 1386 562 1525 615; x_wconf 87' lang='grc' dir='ltr'>ἀνδρία</span> <span class='ocrx_word' id='word_1_35' title='bbox 1556 577 1632 618; x_wconf 90' lang='lat' dir='ltr'><strong>pro</strong></span> 
     </span>
     <span class='ocr_line' id='line_1_6' title="bbox 165 629 341 682; baseline 0.006 -13"><span class='ocrx_word' id='word_1_36' title='bbox 165 629 341 682; x_wconf 79' lang='grc' dir='ltr'>ἀνδρεία.</span> 
     </span>
    </p>

    <p class='ocr_par' dir='ltr' id='par_1_5' title="bbox 222 696 1560 753">
     <span class='ocr_line' id='line_1_7' title="bbox 222 696 1560 753; baseline 0.001 -17"><span class='ocrx_word' id='word_1_37' title='bbox 222 697 290 737; x_wconf 93' lang='grc'><strong>68.</strong></span> <span class='ocrx_word' id='word_1_38' title='bbox 313 697 437 752; x_wconf 81' lang='grc' dir='ltr'>εἰδὼς]</span> <span class='ocrx_word' id='word_1_39' title='bbox 459 699 571 742; x_wconf 81' lang='grc' dir='ltr'>εἰδὼς</span> <span class='ocrx_word' id='word_1_40' title='bbox 590 698 640 740; x_wconf 80' lang='grc' dir='ltr'><strong>σὺ</strong></span> <span class='ocrx_word' id='word_1_41' title='bbox 658 698 744 739; x_wconf 86' lang='lat' dir='ltr'><strong>duo</strong></span> <span class='ocrx_word' id='word_1_42' title='bbox 763 697 886 739; x_wconf 89' lang='lat' dir='ltr'>codd.</span> <span class='ocrx_word' id='word_1_43' title='bbox 907 706 949 738; x_wconf 91' lang='lat' dir='ltr'><strong>et</strong></span> <span class='ocrx_word' id='word_1_44' title='bbox 970 696 1072 738; x_wconf 90' lang='lat' dir='ltr'><strong>Ald.</strong></span> <span class='ocrx_word' id='word_1_45' title='bbox 1096 697 1207 738; x_wconf 88' lang='lat' dir='ltr'><strong>Rob.</strong></span> <span class='ocrx_word' id='word_1_46' title='bbox 1229 712 1279 738; x_wconf 87' lang='lat' dir='ltr'><strong>ex</strong></span> <span class='ocrx_word' id='word_1_47' title='bbox 1302 696 1560 753; x_wconf 85' lang='lat' dir='ltr'>glossemate.</span> 
     </span>
    </p>

    <p class='ocr_par' dir='ltr' id='par_1_6' title="bbox 221 764 546 819">
     <span class='ocr_line' id='line_1_8' title="bbox 221 764 546 819; baseline 0.006 -15"><span class='ocrx_word' id='word_1_48' title='bbox 221 764 323 819; x_wconf 86' lang='grc' dir='ltr'>ἔσει]</span> <span class='ocrx_word' id='word_1_49' title='bbox 345 766 418 816; x_wconf 85' lang='grc' dir='ltr'><strong>ἔσῃ</strong></span> <span class='ocrx_word' id='word_1_50' title='bbox 438 765 546 807; x_wconf 89' lang='lat' dir='ltr'><strong>libri.</strong></span> 
     </span>
    </p>

    <p class='ocr_par' dir='ltr' id='par_1_7' title="bbox 160 833 1631 1566">
     <span class='ocr_line' id='line_1_9' title="bbox 221 833 1631 889; baseline 0.001 -16"><span class='ocrx_word' id='word_1_51' title='bbox 221 834 290 886; x_wconf 91' lang='lat'><strong>69.</strong></span> <span class='ocrx_word' id='word_1_52' title='bbox 321 837 584 887; x_wconf 79' lang='grc' dir='ltr'>πολισσοῦχοι</span> <span class='ocrx_word' id='word_1_53' title='bbox 605 833 708 889; x_wconf 85' lang='grc' dir='ltr'>θεοί]</span> <span class='ocrx_word' id='word_1_54' title='bbox 727 834 808 875; x_wconf 76' lang='lat' dir='ltr'><strong>Dii</strong></span> <span class='ocrx_word' id='word_1_55' title='bbox 828 834 971 874; x_wconf 79' lang='lat' dir='ltr'><strong>urbem</strong></span> <span class='ocrx_word' id='word_1_56' title='bbox 993 839 1165 874; x_wconf 75' lang='lat' dir='ltr'><strong>tuentes.</strong></span> <span class='ocrx_word' id='word_1_57' title='bbox 1215 836 1437 887; x_wconf 86' lang='grc' dir='ltr'>Πολιοῦχοι</span> <span class='ocrx_word' id='word_1_58' title='bbox 1465 834 1561 875; x_wconf 89' lang='grc' dir='ltr'>θεοί.</span> <span class='ocrx_word' id='word_1_59' title='bbox 1593 835 1631 874; x_wconf 79' lang='grc' dir='ltr'><strong>οἱ</strong></span> 
     </span>
     <span class='ocr_line' id='line_1_10' title="bbox 163 899 1630 958; baseline 0.001 -17"><span class='ocrx_word' id='word_1_60' title='bbox 163 900 235 951; x_wconf 77' lang='grc' dir='ltr'><strong>τὴν</strong></span> <span class='ocrx_word' id='word_1_61' title='bbox 253 901 375 942; x_wconf 85' lang='grc' dir='ltr'>πόλιν</span> <span class='ocrx_word' id='word_1_62' title='bbox 395 902 598 950; x_wconf 81' lang='grc' dir='ltr'>σώζοντες.</span> <span class='ocrx_word' id='word_1_63' title='bbox 646 901 835 958; x_wconf 87' lang='lat' dir='ltr'><strong>Hesych.</strong></span> <span class='ocrx_word' id='word_1_64' title='bbox 851 901 996 955; x_wconf 85' lang='grc' dir='ltr'>Ἔχειν</span> <span class='ocrx_word' id='word_1_65' title='bbox 1014 902 1152 944; x_wconf 81' lang='grc' dir='ltr'>πόλεις</span> <span class='ocrx_word' id='word_1_66' title='bbox 1171 899 1418 942; x_wconf 80' lang='lat' dir='ltr'>dicebantur</span> <span class='ocrx_word' id='word_1_67' title='bbox 1436 900 1494 942; x_wconf 90' lang='lat' dir='ltr'><strong>dii</strong></span> <span class='ocrx_word' id='word_1_68' title='bbox 1522 911 1630 943; x_wconf 87' lang='lat' dir='ltr'><strong>tute-</strong></span> 
     </span>
     <span class='ocr_line' id='line_1_11' title="bbox 161 967 1629 1025; baseline 0.003 -18"><span class='ocrx_word' id='word_1_69' title='bbox 161 967 279 1009; x_wconf 87' lang='lat' dir='ltr'><strong>lares.</strong></span> <span class='ocrx_word' id='word_1_70' title='bbox 311 969 460 1025; x_wconf 86' lang='lat' dir='ltr'><strong>Suppl.</strong></span> <span class='ocrx_word' id='word_1_71' title='bbox 492 971 588 1024; x_wconf 88' lang='lat'><strong>699.</strong></span> <span class='ocrx_word' id='word_1_72' title='bbox 618 970 749 1013; x_wconf 80' lang='grc' dir='ltr'>Θεοὺς</span> <span class='ocrx_word' id='word_1_73' title='bbox 779 969 826 1021; x_wconf 88' lang='grc' dir='ltr'><strong>δ’,</strong></span> <span class='ocrx_word' id='word_1_74' title='bbox 852 970 892 1011; x_wconf 81' lang='grc' dir='ltr'><strong>οἳ</strong></span> <span class='ocrx_word' id='word_1_75' title='bbox 917 972 995 1023; x_wconf 82' lang='grc' dir='ltr'>γᾶν</span> <span class='ocrx_word' id='word_1_76' title='bbox 1027 969 1204 1022; x_wconf 85' lang='grc' dir='ltr'>ἔχουσιν,</span> <span class='ocrx_word' id='word_1_77' title='bbox 1239 968 1301 1010; x_wconf 88' lang='grc' dir='ltr'>ἆεὶ</span> <span class='ocrx_word' id='word_1_78' title='bbox 1334 969 1471 1010; x_wconf 88' lang='grc' dir='ltr'>Τίοιεν</span> <span class='ocrx_word' id='word_1_79' title='bbox 1500 970 1629 1024; x_wconf 82' lang='grc' dir='ltr'>ἐγχω-</span> 
     </span>
     <span class='ocr_line' id='line_1_12' title="bbox 160 1035 1629 1094; baseline 0.001 -17"><span class='ocrx_word' id='word_1_80' title='bbox 160 1037 278 1088; x_wconf 86' lang='grc' dir='ltr'>ρίους.</span> <span class='ocrx_word' id='word_1_81' title='bbox 311 1036 510 1094; x_wconf 87' lang='lat' dir='ltr'><strong>Thucyd.</strong></span> <span class='ocrx_word' id='word_1_82' title='bbox 534 1051 571 1088; x_wconf 83' lang='lat'><strong>2,</strong></span> <span class='ocrx_word' id='word_1_83' title='bbox 596 1049 662 1092; x_wconf 90' lang='lat'><strong>74,</strong></span> <span class='ocrx_word' id='word_1_84' title='bbox 692 1039 787 1089; x_wconf 86' lang='grc' dir='ltr'>θεοὶ,</span> <span class='ocrx_word' id='word_1_85' title='bbox 809 1039 899 1079; x_wconf 86' lang='grc' dir='ltr'>ὅσοι</span> <span class='ocrx_word' id='word_1_86' title='bbox 928 1040 1004 1091; x_wconf 85' lang='grc' dir='ltr'>γῆν</span> <span class='ocrx_word' id='word_1_87' title='bbox 1032 1037 1104 1088; x_wconf 80' lang='grc' dir='ltr'><strong>τὴν</strong></span> <span class='ocrx_word' id='word_1_88' title='bbox 1134 1035 1346 1077; x_wconf 73' lang='grc' dir='ltr'>Πλαταΐδα</span> <span class='ocrx_word' id='word_1_89' title='bbox 1374 1036 1501 1091; x_wconf 84' lang='grc' dir='ltr'>ἔχετε.</span> <span class='ocrx_word' id='word_1_90' title='bbox 1533 1053 1629 1093; x_wconf 85' lang='lat' dir='ltr'><strong>quae</strong></span> 
     </span>
     <span class='ocr_line' id='line_1_13' title="bbox 161 1103 1627 1161; baseline 0.001 -17"><span class='ocrx_word' id='word_1_91' title='bbox 161 1103 261 1145; x_wconf 88' lang='lat' dir='ltr'><strong>citat</strong></span> <span class='ocrx_word' id='word_1_92' title='bbox 293 1105 514 1161; x_wconf 85' lang='lat' dir='ltr'><strong>Spanhem.</strong></span> <span class='ocrx_word' id='word_1_93' title='bbox 543 1105 596 1146; x_wconf 85' lang='lat' dir='ltr'><strong>ad</strong></span> <span class='ocrx_word' id='word_1_94' title='bbox 625 1106 868 1148; x_wconf 86' lang='lat' dir='ltr'><strong>Callimach.</strong></span> <span class='ocrx_word' id='word_1_95' title='bbox 898 1107 958 1147; x_wconf 92' lang='lat' dir='ltr'><strong>H.</strong></span> <span class='ocrx_word' id='word_1_96' title='bbox 986 1106 1040 1147; x_wconf 89' lang='lat' dir='ltr'><strong>L.</strong></span> <span class='ocrx_word' id='word_1_97' title='bbox 1074 1105 1180 1147; x_wconf 88' lang='lat' dir='ltr'><strong>Pall.</strong></span> <span class='ocrx_word' id='word_1_98' title='bbox 1210 1115 1281 1161; x_wconf 82' lang='lat'><strong>53.</strong></span> <span class='ocrx_word' id='word_1_99' title='bbox 1312 1107 1387 1146; x_wconf 79' lang='grc' dir='ltr'><strong>τὰν</strong></span> <span class='ocrx_word' id='word_1_100' title='bbox 1412 1104 1627 1153; x_wconf 83' lang='grc' dir='ltr'>Παλλάδα,</span> 
     </span>
     <span class='ocr_line' id='line_1_14' title="bbox 162 1172 1627 1230; baseline 0.002 -19"><span class='ocrx_word' id='word_1_101' title='bbox 162 1173 235 1212; x_wconf 77' lang='grc' dir='ltr'>τᾶν</span> <span class='ocrx_word' id='word_1_102' title='bbox 253 1177 483 1228; x_wconf 83' lang='grc' dir='ltr'>πολιοῦχον.</span> <span class='ocrx_word' id='word_1_103' title='bbox 515 1174 735 1230; x_wconf 82' lang='lat' dir='ltr'><strong>Aristoph.</strong></span> <span class='ocrx_word' id='word_1_104' title='bbox 755 1174 902 1230; x_wconf 90' lang='lat' dir='ltr'><strong>Equit.</strong></span> <span class='ocrx_word' id='word_1_105' title='bbox 915 1174 1014 1229; x_wconf 84' lang='lat'><strong>581.</strong></span> <span class='ocrx_word' id='word_1_106' title='bbox 1030 1172 1089 1214; x_wconf 87' lang='grc' dir='ltr'>Ὦ</span> <span class='ocrx_word' id='word_1_107' title='bbox 1105 1176 1298 1228; x_wconf 82' lang='grc' dir='ltr'>πολιοῦχε</span> <span class='ocrx_word' id='word_1_108' title='bbox 1314 1172 1500 1216; x_wconf 84' lang='grc' dir='ltr'>Παλλάς.</span> <span class='ocrx_word' id='word_1_109' title='bbox 1532 1172 1627 1214; x_wconf 86' lang='lat' dir='ltr'><strong>Vid.</strong></span> 
     </span>
     <span class='ocr_line' id='line_1_15' title="bbox 161 1239 1626 1298; baseline 0.003 -19"><span class='ocrx_word' id='word_1_110' title='bbox 161 1239 269 1280; x_wconf 87' lang='lat' dir='ltr'><strong>infra</strong></span> <span class='ocrx_word' id='word_1_111' title='bbox 286 1254 378 1296; x_wconf 87' lang='lat'>105.</span> <span class='ocrx_word' id='word_1_112' title='bbox 395 1252 490 1297; x_wconf 86' lang='lat'><strong>257.</strong></span> <span class='ocrx_word' id='word_1_113' title='bbox 505 1254 602 1298; x_wconf 84' lang='lat'>300.</span> <span class='ocrx_word' id='word_1_114' title='bbox 619 1242 714 1284; x_wconf 85' lang='lat'><strong>822.</strong></span> <span class='ocrx_word' id='word_1_115' title='bbox 738 1244 920 1283; x_wconf 88' lang='lat' dir='ltr'><strong>Eumen.</strong></span> <span class='ocrx_word' id='word_1_116' title='bbox 944 1242 1041 1282; x_wconf 83' lang='lat'><strong>882.</strong></span> <span class='ocrx_word' id='word_1_117' title='bbox 1074 1242 1298 1298; x_wconf 85' lang='lat' dir='ltr'>Inscriptio</span> <span class='ocrx_word' id='word_1_118' title='bbox 1312 1257 1380 1297; x_wconf 88' lang='lat' dir='ltr'><strong>ap.</strong></span> <span class='ocrx_word' id='word_1_119' title='bbox 1398 1242 1570 1283; x_wconf 84' lang='lat' dir='ltr'><strong>Gruter.</strong></span> <span class='ocrx_word' id='word_1_120' title='bbox 1585 1256 1626 1297; x_wconf 83' lang='lat'><strong>5.</strong></span> 
     </span>
     <span class='ocr_line' id='line_1_16' title="bbox 162 1309 1627 1364; baseline 0.001 -15"><span class='ocrx_word' id='word_1_121' title='bbox 162 1322 258 1364; x_wconf 77' lang='lat' dir='ltr'><strong>pag.</strong></span> <span class='ocrx_word' id='word_1_122' title='bbox 275 1309 344 1350; x_wconf 86' lang='lat'><strong>68.</strong></span> <span class='ocrx_word' id='word_1_123' title='bbox 361 1309 581 1351; x_wconf 85' lang='lat' dir='ltr'><strong>Gualther.</strong></span> <span class='ocrx_word' id='word_1_124' title='bbox 596 1311 651 1350; x_wconf 91' lang='lat' dir='ltr'><strong>N.</strong></span> <span class='ocrx_word' id='word_1_125' title='bbox 673 1324 708 1351; x_wconf 89' lang='lat'><strong>1.</strong></span> <span class='ocrx_word' id='word_1_126' title='bbox 730 1310 1020 1351; x_wconf 75' lang='lat' dir='ltr'>ACKAHHIoe</span> <span class='ocrx_word' id='word_1_127' title='bbox 1042 1313 1134 1351; x_wconf 90' lang='lat' dir='ltr'><strong>KAI</strong></span> <span class='ocrx_word' id='word_1_128' title='bbox 1150 1314 1311 1351; x_wconf 80' lang='grc' dir='ltr'>ὙΓΕΙΑ</span> <span class='ocrx_word' id='word_1_129' title='bbox 1334 1311 1627 1352; x_wconf 68' lang='lat' dir='ltr'>CQTHPCIN</span> 
     </span>
     <span class='ocr_line' id='line_1_17' title="bbox 162 1377 1626 1433; baseline 0.002 -16"><span class='ocrx_word' id='word_1_130' title='bbox 162 1378 526 1419; x_wconf 72' lang='lat' dir='ltr'><strong>HOAIOTXOIC.</strong></span> <span class='ocrx_word' id='word_1_131' title='bbox 581 1377 650 1419; x_wconf 89' lang='lat' dir='ltr'><strong>Cf.</strong></span> <span class='ocrx_word' id='word_1_132' title='bbox 688 1379 818 1419; x_wconf 90' lang='lat' dir='ltr'><strong>Eum.</strong></span> <span class='ocrx_word' id='word_1_133' title='bbox 848 1378 942 1418; x_wconf 88' lang='lat'><strong>181.</strong></span> <span class='ocrx_word' id='word_1_134' title='bbox 975 1379 1097 1419; x_wconf 90' lang='lat'>1008.</span> <span class='ocrx_word' id='word_1_135' title='bbox 1130 1377 1283 1431; x_wconf 80' lang='grc' dir='ltr'>Ἀθηνᾶ</span> <span class='ocrx_word' id='word_1_136' title='bbox 1317 1382 1546 1433; x_wconf 84' lang='grc' dir='ltr'>Πολιοῦχος</span> <span class='ocrx_word' id='word_1_137' title='bbox 1584 1379 1626 1420; x_wconf 87' lang='lat' dir='ltr'><strong>in</strong></span> 
     </span>
     <span class='ocr_line' id='line_1_18' title="bbox 163 1443 1625 1503; baseline 0.003 -19"><span class='ocrx_word' id='word_1_138' title='bbox 163 1443 284 1495; x_wconf 90' lang='lat' dir='ltr'><strong>Chio,</strong></span> <span class='ocrx_word' id='word_1_139' title='bbox 303 1445 511 1487; x_wconf 87' lang='lat' dir='ltr'><strong>Herodot.</strong></span> <span class='ocrx_word' id='word_1_140' title='bbox 532 1459 567 1497; x_wconf 83' lang='lat'><strong>1,</strong></span> <span class='ocrx_word' id='word_1_141' title='bbox 587 1447 678 1488; x_wconf 92' lang='lat'>160.</span> <span class='ocrx_word' id='word_1_142' title='bbox 701 1446 884 1488; x_wconf 82' lang='lat' dir='ltr'>Athenis</span> <span class='ocrx_word' id='word_1_143' title='bbox 903 1462 972 1503; x_wconf 86' lang='lat' dir='ltr'><strong>ap.</strong></span> <span class='ocrx_word' id='word_1_144' title='bbox 990 1446 1242 1488; x_wconf 85' lang='lat' dir='ltr'><strong>Androtion.</strong></span> <span class='ocrx_word' id='word_1_145' title='bbox 1263 1446 1304 1488; x_wconf 92' lang='lat' dir='ltr'><strong>in</strong></span> <span class='ocrx_word' id='word_1_146' title='bbox 1327 1446 1455 1488; x_wconf 88' lang='lat' dir='ltr'><strong>schol.</strong></span> <span class='ocrx_word' id='word_1_147' title='bbox 1478 1446 1559 1489; x_wconf 89' lang='lat' dir='ltr'><strong>Od.</strong></span> <span class='ocrx_word' id='word_1_148' title='bbox 1578 1451 1625 1488; x_wconf 90' lang='lat' dir='ltr'><strong>A.</strong></span> 
     </span>
     <span class='ocr_line' id='line_1_19' title="bbox 163 1513 523 1566; baseline 0.006 -14"><span class='ocrx_word' id='word_1_149' title='bbox 163 1522 259 1566; x_wconf 89' lang='lat'><strong>270.</strong></span> <span class='ocrx_word' id='word_1_150' title='bbox 291 1513 523 1554; x_wconf 86' lang='lat' dir='ltr'><strong>BLOMF.</strong></span> 
     </span>
    </p>

    <p class='ocr_par' dir='ltr' id='par_1_8' title="bbox 218 1579 931 1638">
     <span class='ocr_line' id='line_1_20' title="bbox 218 1579 931 1638; baseline 0.004 -17"><span class='ocrx_word' id='word_1_151' title='bbox 218 1590 288 1633; x_wconf 88' lang='lat'><strong>70.</strong></span> <span class='ocrx_word' id='word_1_152' title='bbox 309 1579 464 1633; x_wconf 77' lang='grc' dir='ltr'>Ἐρινὺς</span> <span class='ocrx_word' id='word_1_153' title='bbox 486 1583 549 1622; x_wconf 90' lang='grc' dir='ltr'><strong>Μ.</strong></span> <span class='ocrx_word' id='word_1_154' title='bbox 583 1581 721 1638; x_wconf 83' lang='lat' dir='ltr'><strong>Vulgo</strong></span> <span class='ocrx_word' id='word_1_155' title='bbox 739 1582 931 1636; x_wconf 85' lang='grc' dir='ltr'>Ἐριννύς.</span> 
     </span>
    </p>

    <p class='ocr_par' dir='ltr' id='par_1_9' title="bbox 218 1648 1199 1706">
     <span class='ocr_line' id='line_1_21' title="bbox 218 1648 1199 1706; baseline 0.004 -17"><span class='ocrx_word' id='word_1_156' title='bbox 218 1648 258 1703; x_wconf 87' lang='grc' dir='ltr'><strong>ἡ]</strong></span> <span class='ocrx_word' id='word_1_157' title='bbox 278 1648 303 1700; x_wconf 86' lang='grc' dir='ltr'>ἤ</span> <span class='ocrx_word' id='word_1_158' title='bbox 323 1649 391 1689; x_wconf 93' lang='grc' dir='ltr'><strong>Μ.</strong></span> <span class='ocrx_word' id='word_1_159' title='bbox 413 1664 438 1690; x_wconf 86' lang='lat' dir='ltr'><strong>a</strong></span> <span class='ocrx_word' id='word_1_160' title='bbox 453 1649 587 1705; x_wconf 88' lang='lat' dir='ltr'><strong>prima</strong></span> <span class='ocrx_word' id='word_1_161' title='bbox 608 1665 748 1701; x_wconf 85' lang='lat' dir='ltr'><strong>manu,</strong></span> <span class='ocrx_word' id='word_1_162' title='bbox 770 1651 942 1693; x_wconf 86' lang='lat' dir='ltr'><strong>fortasse</strong></span> <span class='ocrx_word' id='word_1_163' title='bbox 962 1667 1015 1692; x_wconf 86' lang='lat' dir='ltr'><strong>ex</strong></span> <span class='ocrx_word' id='word_1_164' title='bbox 1037 1667 1077 1692; x_wconf 92' lang='lat' dir='ltr'><strong>v.</strong></span> <span class='ocrx_word' id='word_1_165' title='bbox 1101 1663 1199 1706; x_wconf 89' lang='lat'><strong>970.</strong></span> 
     </span>
    </p>

    <p class='ocr_par' dir='ltr' id='par_1_10' title="bbox 219 1717 621 1772">
     <span class='ocr_line' id='line_1_22' title="bbox 219 1717 621 1772; baseline 0.002 -15"><span class='ocrx_word' id='word_1_166' title='bbox 219 1727 289 1768; x_wconf 89' lang='lat'><strong>71.</strong></span> <span class='ocrx_word' id='word_1_167' title='bbox 311 1717 393 1772; x_wconf 90' lang='grc' dir='ltr'>μοι]</span> <span class='ocrx_word' id='word_1_168' title='bbox 413 1735 488 1769; x_wconf 92' lang='grc' dir='ltr'><strong>μου</strong></span> <span class='ocrx_word' id='word_1_169' title='bbox 509 1717 621 1759; x_wconf 90' lang='lat' dir='ltr'><strong>Rob.</strong></span> 
     </span>
    </p>

    <p class='ocr_par' dir='ltr' id='par_1_11' title="bbox 162 1786 1630 2048">
     <span class='ocr_line' id='line_1_23' title="bbox 218 1786 1628 1842; baseline 0.004 -17"><span class='ocrx_word' id='word_1_170' title='bbox 218 1786 457 1840; x_wconf 90' lang='grc' dir='ltr'>πρυμνόθεν]</span> <span class='ocrx_word' id='word_1_171' title='bbox 478 1788 723 1839; x_wconf 88' lang='grc' dir='ltr'>πρευμνόθεν</span> <span class='ocrx_word' id='word_1_172' title='bbox 740 1787 937 1829; x_wconf 87' lang='lat' dir='ltr'><strong>Cantabr.</strong></span> <span class='ocrx_word' id='word_1_173' title='bbox 956 1787 1175 1828; x_wconf 86' lang='lat' dir='ltr'><strong>secundus.</strong></span> <span class='ocrx_word' id='word_1_174' title='bbox 1211 1787 1484 1829; x_wconf 87' lang='lat' dir='ltr'><strong>Scribendum</strong></span> <span class='ocrx_word' id='word_1_175' title='bbox 1507 1788 1628 1842; x_wconf 87' lang='grc' dir='ltr'>πρέμ-</span> 
     </span>
     <span class='ocr_line' id='line_1_24' title="bbox 163 1853 1630 1911; baseline 0.003 -18"><span class='ocrx_word' id='word_1_176' title='bbox 163 1856 280 1894; x_wconf 89' lang='grc' dir='ltr'>νοθεν</span> <span class='ocrx_word' id='word_1_177' title='bbox 301 1868 395 1894; x_wconf 88' lang='lat' dir='ltr'><strong>cum</strong></span> <span class='ocrx_word' id='word_1_178' title='bbox 419 1853 682 1904; x_wconf 85' lang='lat' dir='ltr'><strong>Blomfieldo,</strong></span> <span class='ocrx_word' id='word_1_179' title='bbox 704 1856 819 1911; x_wconf 93' lang='lat' dir='ltr'><strong>quod</strong></span> <span class='ocrx_word' id='word_1_180' title='bbox 838 1872 878 1897; x_wconf 92' lang='lat' dir='ltr'><strong>v.</strong></span> <span class='ocrx_word' id='word_1_181' title='bbox 907 1857 1029 1911; x_wconf 87' lang='grc'><strong>1056.</strong></span> <span class='ocrx_word' id='word_1_182' title='bbox 1052 1871 1103 1896; x_wconf 87' lang='lat' dir='ltr'><strong>ex</strong></span> <span class='ocrx_word' id='word_1_183' title='bbox 1124 1855 1214 1897; x_wconf 90' lang='lat' dir='ltr'><strong>cod.</strong></span> <span class='ocrx_word' id='word_1_184' title='bbox 1238 1855 1417 1897; x_wconf 82' lang='lat' dir='ltr'><strong>restituit</strong></span> <span class='ocrx_word' id='word_1_185' title='bbox 1450 1857 1508 1898; x_wconf 88' lang='lat' dir='ltr'><strong>Is.</strong></span> <span class='ocrx_word' id='word_1_186' title='bbox 1526 1858 1630 1898; x_wconf 89' lang='lat' dir='ltr'><strong>Vos-</strong></span> 
     </span>
     <span class='ocr_line' id='line_1_25' title="bbox 162 1920 1629 1980; baseline 0.004 -20"><span class='ocrx_word' id='word_1_187' title='bbox 162 1920 269 1961; x_wconf 90' lang='lat' dir='ltr'><strong>sius:</strong></span> <span class='ocrx_word' id='word_1_188' title='bbox 302 1936 428 1975; x_wconf 87' lang='lat' dir='ltr'><strong>quam</strong></span> <span class='ocrx_word' id='word_1_189' title='bbox 450 1922 776 1964; x_wconf 86' lang='lat' dir='ltr'><strong>emendationem</strong></span> <span class='ocrx_word' id='word_1_190' title='bbox 798 1924 1013 1964; x_wconf 87' lang='lat' dir='ltr'><strong>confirmat</strong></span> <span class='ocrx_word' id='word_1_191' title='bbox 1035 1924 1157 1964; x_wconf 86' lang='lat' dir='ltr'><strong>etiam</strong></span> <span class='ocrx_word' id='word_1_192' title='bbox 1178 1923 1282 1964; x_wconf 81' lang='lat' dir='ltr'><strong>illud</strong></span> <span class='ocrx_word' id='word_1_193' title='bbox 1304 1924 1417 1980; x_wconf 91' lang='lat' dir='ltr'><strong>quod</strong></span> <span class='ocrx_word' id='word_1_194' title='bbox 1448 1926 1629 1977; x_wconf 83' lang='grc' dir='ltr'>ἐκθαμνί-</span> 
     </span>
     <span class='ocr_line' id='line_1_26' title="bbox 163 1988 1169 2048; baseline 0.003 -19"><span class='ocrx_word' id='word_1_195' title='bbox 163 2004 258 2038; x_wconf 88' lang='grc' dir='ltr'>σητε</span> <span class='ocrx_word' id='word_1_196' title='bbox 277 1988 317 2028; x_wconf 82' lang='grc' dir='ltr'><strong>ἱη</strong></span> <span class='ocrx_word' id='word_1_197' title='bbox 341 1989 582 2045; x_wconf 83' lang='lat' dir='ltr'><strong>metaphora</strong></span> <span class='ocrx_word' id='word_1_198' title='bbox 602 2005 779 2046; x_wconf 84' lang='lat' dir='ltr'><strong>pergens</strong></span> <span class='ocrx_word' id='word_1_199' title='bbox 797 1991 906 2032; x_wconf 87' lang='lat' dir='ltr'><strong>dixit</strong></span> <span class='ocrx_word' id='word_1_200' title='bbox 926 1991 1169 2048; x_wconf 86' lang='lat' dir='ltr'><strong>AEschylus.</strong></span> 
     </span>
    </p>

    <p class='ocr_par' dir='ltr' id='par_1_12' title="bbox 160 2055 1628 2999">
     <span class='ocr_line' id='line_1_27' title="bbox 219 2055 1628 2114; baseline 0.005 -19"><span class='ocrx_word' id='word_1_201' title='bbox 219 2055 458 2111; x_wconf 88' lang='grc' dir='ltr'>πρέμνοθεν]</span> <span class='ocrx_word' id='word_1_202' title='bbox 492 2058 530 2098; x_wconf 88' lang='grc' dir='ltr'><em>Α</em></span> <span class='ocrx_word' id='word_1_203' title='bbox 561 2059 706 2114; x_wconf 75' lang='lat' dir='ltr'><strong>stirpe.</strong></span> <span class='ocrx_word' id='word_1_204' title='bbox 738 2059 816 2100; x_wconf 79' lang='grc' dir='ltr'>ἀπὸ</span> <span class='ocrx_word' id='word_1_205' title='bbox 848 2061 998 2110; x_wconf 83' lang='grc' dir='ltr'>βάθους</span> <span class='ocrx_word' id='word_1_206' title='bbox 1031 2059 1216 2114; x_wconf 83' lang='grc' dir='ltr'>ἐσχάτου.</span> <span class='ocrx_word' id='word_1_207' title='bbox 1257 2060 1436 2113; x_wconf 88' lang='grc' dir='ltr'>πρυμνὸν</span> <span class='ocrx_word' id='word_1_208' title='bbox 1475 2063 1551 2114; x_wconf 72' lang='grc' dir='ltr'><strong>’γὰρ</strong></span> <span class='ocrx_word' id='word_1_209' title='bbox 1583 2061 1628 2102; x_wconf 84' lang='grc' dir='ltr'>τὸ</span> 
     </span>
     <span class='ocr_line' id='line_1_28' title="bbox 164 2124 1628 2184; baseline 0.005 -21"><span class='ocrx_word' id='word_1_210' title='bbox 164 2124 353 2177; x_wconf 87' lang='grc' dir='ltr'>ἔσχατον.</span> <span class='ocrx_word' id='word_1_211' title='bbox 401 2124 537 2166; x_wconf 90' lang='lat' dir='ltr'><strong>Schol.</strong></span> <span class='ocrx_word' id='word_1_212' title='bbox 559 2125 600 2166; x_wconf 91' lang='lat' dir='ltr'><strong>in</strong></span> <span class='ocrx_word' id='word_1_213' title='bbox 623 2126 802 2183; x_wconf 89' lang='lat' dir='ltr'><strong>Oppian.</strong></span> <span class='ocrx_word' id='word_1_214' title='bbox 831 2127 933 2168; x_wconf 84' lang='lat' dir='ltr'><strong>Hal.</strong></span> <span class='ocrx_word' id='word_1_215' title='bbox 959 2141 998 2178; x_wconf 91' lang='lat'><strong>1,</strong></span> <span class='ocrx_word' id='word_1_216' title='bbox 1018 2141 1116 2183; x_wconf 86' lang='lat'><strong>455.</strong></span> <span class='ocrx_word' id='word_1_217' title='bbox 1147 2143 1271 2183; x_wconf 82' lang='lat' dir='ltr'><strong>quern</strong></span> <span class='ocrx_word' id='word_1_218' title='bbox 1303 2128 1470 2170; x_wconf 87' lang='lat' dir='ltr'><strong>induxit</strong></span> <span class='ocrx_word' id='word_1_219' title='bbox 1501 2144 1628 2184; x_wconf 83' lang='lat' dir='ltr'><strong>prava</strong></span> 
     </span>
     <span class='ocr_line' id='line_1_29' title="bbox 162 2189 1626 2250; baseline 0.005 -19"><span class='ocrx_word' id='word_1_220' title='bbox 162 2189 294 2232; x_wconf 84' lang='lat' dir='ltr'><strong>lectio.</strong></span> <span class='ocrx_word' id='word_1_221' title='bbox 341 2193 469 2233; x_wconf 86' lang='lat' dir='ltr'><strong>Errat</strong></span> <span class='ocrx_word' id='word_1_222' title='bbox 498 2193 629 2234; x_wconf 63' lang='lat' dir='ltr'><strong>etiam&gt;</strong></span> <span class='ocrx_word' id='word_1_223' title='bbox 652 2194 906 2249; x_wconf 84' lang='lat' dir='ltr'><strong>Hesychius,</strong></span> <span class='ocrx_word' id='word_1_224' title='bbox 929 2197 1132 2248; x_wconf 89' lang='grc' dir='ltr'>Πρυμνόν.</span> <span class='ocrx_word' id='word_1_225' title='bbox 1166 2195 1210 2236; x_wconf 85' lang='grc' dir='ltr'>τὸ</span> <span class='ocrx_word' id='word_1_226' title='bbox 1239 2196 1425 2250; x_wconf 88' lang='grc' dir='ltr'>ἔσχατον.</span> <span class='ocrx_word' id='word_1_227' title='bbox 1473 2196 1626 2238; x_wconf 85' lang='lat' dir='ltr'><strong>Timaei</strong></span> 
     </span>
     <span class='ocr_line' id='line_1_30' title="bbox 163 2260 1623 2317; baseline 0.004 -17"><span class='ocrx_word' id='word_1_228' title='bbox 163 2260 271 2300; x_wconf 88' lang='lat' dir='ltr'><strong>Lex.</strong></span> <span class='ocrx_word' id='word_1_229' title='bbox 302 2275 396 2315; x_wconf 84' lang='lat' dir='ltr'><strong>pag.</strong></span> <span class='ocrx_word' id='word_1_230' title='bbox 421 2272 517 2302; x_wconf 83' lang='lat'><strong>222.</strong></span> <span class='ocrx_word' id='word_1_231' title='bbox 539 2261 738 2314; x_wconf 88' lang='grc' dir='ltr'>Πρέμνον.</span> <span class='ocrx_word' id='word_1_232' title='bbox 769 2262 813 2303; x_wconf 86' lang='grc' dir='ltr'>τὸ</span> <span class='ocrx_word' id='word_1_233' title='bbox 844 2267 912 2303; x_wconf 85' lang='grc' dir='ltr'>τοῦ</span> <span class='ocrx_word' id='word_1_234' title='bbox 939 2263 1101 2316; x_wconf 82' lang='grc' dir='ltr'>δένδρου</span> <span class='ocrx_word' id='word_1_235' title='bbox 1123 2263 1318 2317; x_wconf 84' lang='grc' dir='ltr'>στέλεχος</span> <span class='ocrx_word' id='word_1_236' title='bbox 1349 2265 1412 2305; x_wconf 86' lang='grc' dir='ltr'><strong>καὶ</strong></span> <span class='ocrx_word' id='word_1_237' title='bbox 1433 2265 1623 2317; x_wconf 84' lang='grc' dir='ltr'>ἔδρασμα.</span> 
     </span>
     <span class='ocr_line' id='line_1_31' title="bbox 162 2327 1625 2384; baseline 0.005 -18"><span class='ocrx_word' id='word_1_238' title='bbox 162 2327 364 2383; x_wconf 88' lang='lat' dir='ltr'><strong>Apollon.</strong></span> <span class='ocrx_word' id='word_1_239' title='bbox 387 2327 526 2368; x_wconf 89' lang='lat' dir='ltr'><strong>Rhod.</strong></span> <span class='ocrx_word' id='word_1_240' title='bbox 551 2340 590 2378; x_wconf 87' lang='lat'><strong>2,</strong></span> <span class='ocrx_word' id='word_1_241' title='bbox 611 2330 709 2380; x_wconf 91' lang='lat'><strong>481.</strong></span> <span class='ocrx_word' id='word_1_242' title='bbox 741 2330 810 2381; x_wconf 84' lang='grc' dir='ltr'><strong>Μὴ</strong></span> <span class='ocrx_word' id='word_1_243' title='bbox 840 2331 1000 2383; x_wconf 85' lang='grc' dir='ltr'>ταμέειν</span> <span class='ocrx_word' id='word_1_244' title='bbox 1019 2331 1195 2384; x_wconf 85' lang='grc' dir='ltr'>πρέμνον</span> <span class='ocrx_word' id='word_1_245' title='bbox 1213 2331 1328 2384; x_wconf 84' lang='grc' dir='ltr'>δρυὸς</span> <span class='ocrx_word' id='word_1_246' title='bbox 1356 2333 1504 2383; x_wconf 80' lang='grc' dir='ltr'>ἥλικος.</span> <span class='ocrx_word' id='word_1_247' title='bbox 1558 2333 1625 2374; x_wconf 87' lang='lat' dir='ltr'><strong>Cf.</strong></span> 
     </span>
     <span class='ocr_line' id='line_1_32' title="bbox 164 2395 1625 2454; baseline 0.004 -19"><span class='ocrx_word' id='word_1_248' title='bbox 164 2395 407 2436; x_wconf 86' lang='lat' dir='ltr'><strong>Callimach.</strong></span> <span class='ocrx_word' id='word_1_249' title='bbox 429 2396 555 2437; x_wconf 89' lang='lat' dir='ltr'><strong>Dian.</strong></span> <span class='ocrx_word' id='word_1_250' title='bbox 579 2408 674 2451; x_wconf 84' lang='lat'><strong>239.</strong></span> <span class='ocrx_word' id='word_1_251' title='bbox 696 2397 789 2439; x_wconf 86' lang='lat' dir='ltr'><strong>Del.</strong></span> <span class='ocrx_word' id='word_1_252' title='bbox 811 2411 906 2440; x_wconf 87' lang='lat'>210.</span> <span class='ocrx_word' id='word_1_253' title='bbox 927 2411 1026 2453; x_wconf 82' lang='lat'><strong>322.</strong></span> <span class='ocrx_word' id='word_1_254' title='bbox 1074 2399 1194 2440; x_wconf 87' lang='lat' dir='ltr'><strong>Infra</strong></span> <span class='ocrx_word' id='word_1_255' title='bbox 1218 2401 1341 2454; x_wconf 87' lang='lat'>1056.</span> <span class='ocrx_word' id='word_1_256' title='bbox 1366 2399 1438 2440; x_wconf 85' lang='grc' dir='ltr'>αἵτ’</span> <span class='ocrx_word' id='word_1_257' title='bbox 1461 2402 1625 2441; x_wconf 85' lang='grc' dir='ltr'>Οἰδιπό-</span> 
     </span>
     <span class='ocr_line' id='line_1_33' title="bbox 163 2463 1626 2524; baseline 0.003 -20"><span class='ocrx_word' id='word_1_258' title='bbox 163 2467 232 2504; x_wconf 89' lang='grc' dir='ltr'><strong>δου</strong></span> <span class='ocrx_word' id='word_1_259' title='bbox 262 2463 385 2506; x_wconf 84' lang='grc' dir='ltr'>Γένος</span> <span class='ocrx_word' id='word_1_260' title='bbox 414 2463 594 2505; x_wconf 85' lang='grc' dir='ltr'>ὠλέσατε</span> <span class='ocrx_word' id='word_1_261' title='bbox 619 2465 840 2518; x_wconf 84' lang='grc' dir='ltr'>πρέμνοθεν</span> <span class='ocrx_word' id='word_1_262' title='bbox 870 2468 1004 2511; x_wconf 81' lang='grc' dir='ltr'>οὕτως.</span> <span class='ocrx_word' id='word_1_263' title='bbox 1036 2467 1108 2508; x_wconf 83' lang='lat' dir='ltr'><strong>ubi</strong></span> <span class='ocrx_word' id='word_1_264' title='bbox 1130 2467 1225 2508; x_wconf 89' lang='lat' dir='ltr'><strong>vide</strong></span> <span class='ocrx_word' id='word_1_265' title='bbox 1255 2477 1385 2508; x_wconf 85' lang='lat' dir='ltr'><strong>notas.</strong></span> <span class='ocrx_word' id='word_1_266' title='bbox 1432 2468 1626 2524; x_wconf 67' lang='lat' dir='ltr'><strong>Sophocl.</strong></span> 
     </span>
     <span class='ocr_line' id='line_1_34' title="bbox 164 2530 1627 2587; baseline 0.005 -17"><span class='ocrx_word' id='word_1_267' title='bbox 164 2530 313 2587; x_wconf 87' lang='lat' dir='ltr'><strong>Antig.</strong></span> <span class='ocrx_word' id='word_1_268' title='bbox 338 2541 435 2585; x_wconf 84' lang='grc'><strong>714.</strong></span> <span class='ocrx_word' id='word_1_269' title='bbox 455 2533 518 2572; x_wconf 82' lang='grc' dir='ltr'><strong>Τὰ</strong></span> <span class='ocrx_word' id='word_1_270' title='bbox 548 2531 580 2572; x_wconf 90' lang='grc' dir='ltr'><strong>δ’</strong></span> <span class='ocrx_word' id='word_1_271' title='bbox 603 2533 853 2574; x_wconf 84' lang='grc' dir='ltr'>ἀντιτείνοντ’</span> <span class='ocrx_word' id='word_1_272' title='bbox 876 2535 1110 2587; x_wconf 71' lang='grc' dir='ltr'>αὐτόπρεμν’</span> <span class='ocrx_word' id='word_1_273' title='bbox 1129 2537 1362 2577; x_wconf 86' lang='grc' dir='ltr'>ἀπόλλυται.</span> <span class='ocrx_word' id='word_1_274' title='bbox 1396 2535 1466 2576; x_wconf 86' lang='lat' dir='ltr'><strong>ubi</strong></span> <span class='ocrx_word' id='word_1_275' title='bbox 1499 2536 1627 2577; x_wconf 86' lang='lat' dir='ltr'><strong>schol.</strong></span> 
     </span>
     <span class='ocr_line' id='line_1_35' title="bbox 163 2599 1625 2659; baseline 0.005 -21"><span class='ocrx_word' id='word_1_276' title='bbox 163 2599 425 2651; x_wconf 82' lang='grc' dir='ltr'>αὐτόπρεμνα.</span> <span class='ocrx_word' id='word_1_277' title='bbox 459 2599 674 2652; x_wconf 65' lang='grc' dir='ltr'>αι’κτόρριζα.</span> <span class='ocrx_word' id='word_1_278' title='bbox 715 2601 995 2643; x_wconf 84' lang='lat' dir='ltr'><strong>consentiente</strong></span> <span class='ocrx_word' id='word_1_279' title='bbox 1029 2603 1244 2659; x_wconf 76' lang='lat' dir='ltr'><strong>Hesycliio</strong></span> <span class='ocrx_word' id='word_1_280' title='bbox 1277 2603 1318 2644; x_wconf 91' lang='lat' dir='ltr'><strong>in</strong></span> <span class='ocrx_word' id='word_1_281' title='bbox 1358 2619 1396 2645; x_wconf 92' lang='lat' dir='ltr'><strong>v.</strong></span> <span class='ocrx_word' id='word_1_282' title='bbox 1437 2604 1507 2645; x_wconf 89' lang='lat' dir='ltr'><strong>ubi</strong></span> <span class='ocrx_word' id='word_1_283' title='bbox 1542 2604 1625 2646; x_wconf 88' lang='lat' dir='ltr'><strong>vid.</strong></span> 
     </span>
     <span class='ocr_line' id='line_1_36' title="bbox 162 2665 1627 2724; baseline 0.004 -18"><span class='ocrx_word' id='word_1_284' title='bbox 162 2666 328 2707; x_wconf 81' lang='lat' dir='ltr'><strong>Albert.</strong></span> <span class='ocrx_word' id='word_1_285' title='bbox 353 2665 505 2722; x_wconf 81' lang='lat' dir='ltr'><strong>Eurip.</strong></span> <span class='ocrx_word' id='word_1_286' title='bbox 528 2666 704 2723; x_wconf 78' lang='lat' dir='ltr'><strong>Hippoi.</strong></span> <span class='ocrx_word' id='word_1_287' title='bbox 727 2668 822 2709; x_wconf 88' lang='lat'><strong>681.</strong></span> <span class='ocrx_word' id='word_1_288' title='bbox 853 2671 950 2713; x_wconf 85' lang='grc' dir='ltr'>Ζεύς</span> <span class='ocrx_word' id='word_1_289' title='bbox 970 2669 1020 2718; x_wconf 83' lang='grc' dir='ltr'><strong>σ’,</strong></span> <span class='ocrx_word' id='word_1_290' title='bbox 1045 2672 1066 2711; x_wconf 89' lang='grc' dir='ltr'>ὁ</span> <span class='ocrx_word' id='word_1_291' title='bbox 1087 2670 1286 2723; x_wconf 86' lang='grc' dir='ltr'>γεννήτωρ</span> <span class='ocrx_word' id='word_1_292' title='bbox 1309 2671 1401 2722; x_wconf 80' lang='grc' dir='ltr'>ἐμὸς</span> <span class='ocrx_word' id='word_1_293' title='bbox 1419 2673 1627 2724; x_wconf 77' lang='grc' dir='ltr'>πρόρριζον</span> 
     </span>
     <span class='ocr_line' id='line_1_37' title="bbox 162 2733 1626 2793; baseline 0.004 -19"><span class='ocrx_word' id='word_1_294' title='bbox 162 2735 398 2787; x_wconf 81' lang='grc' dir='ltr'>ἐκτρίψειεν.</span> <span class='ocrx_word' id='word_1_295' title='bbox 432 2733 503 2775; x_wconf 88' lang='lat' dir='ltr'><strong>ubi</strong></span> <span class='ocrx_word' id='word_1_296' title='bbox 533 2734 617 2776; x_wconf 90' lang='lat' dir='ltr'><strong>vid.</strong></span> <span class='ocrx_word' id='word_1_297' title='bbox 641 2735 791 2777; x_wconf 89' lang='lat' dir='ltr'><strong>Monk.</strong></span> <span class='ocrx_word' id='word_1_298' title='bbox 816 2736 981 2778; x_wconf 80' lang='lat' dir='ltr'><strong>Sallust.</strong></span> <span class='ocrx_word' id='word_1_299' title='bbox 1004 2738 1055 2778; x_wconf 92' lang='lat' dir='ltr'><strong>B.</strong></span> <span class='ocrx_word' id='word_1_300' title='bbox 1080 2739 1128 2778; x_wconf 88' lang='lat' dir='ltr'><strong>C.</strong></span> <span class='ocrx_word' id='word_1_301' title='bbox 1151 2751 1191 2792; x_wconf 84' lang='lat'><strong>3.</strong></span> <span class='ocrx_word' id='word_1_302' title='bbox 1216 2739 1446 2793; x_wconf 77' lang='lat' dir='ltr'><strong>Carthago,</strong></span> <span class='ocrx_word' id='word_1_303' title='bbox 1470 2740 1626 2780; x_wconf 71' lang='lat' dir='ltr'><strong>(emula</strong></span> 
     </span>
     <span class='ocr_line' id='line_1_38' title="bbox 160 2802 1624 2863; baseline 0.004 -22"><span class='ocrx_word' id='word_1_304' title='bbox 160 2803 329 2858; x_wconf 73' lang='lat' dir='ltr'><strong>imperii</strong></span> <span class='ocrx_word' id='word_1_305' title='bbox 349 2802 547 2852; x_wconf 81' lang='lat' dir='ltr'><strong>Romani,</strong></span> <span class='ocrx_word' id='word_1_306' title='bbox 565 2817 595 2843; x_wconf 82' lang='lat' dir='ltr'>A</span> <span class='ocrx_word' id='word_1_307' title='bbox 614 2817 774 2844; x_wconf 81' lang='lat' dir='ltr'>STIRPE</span> <span class='ocrx_word' id='word_1_308' title='bbox 796 2805 973 2846; x_wconf 79' lang='lat' dir='ltr'><strong>interiit.</strong></span> <span class='ocrx_word' id='word_1_309' title='bbox 1010 2805 1196 2858; x_wconf 85' lang='grc' dir='ltr'>Πρέμνον</span> <span class='ocrx_word' id='word_1_310' title='bbox 1211 2806 1388 2847; x_wconf 86' lang='lat' dir='ltr'><strong>occurrit</strong></span> <span class='ocrx_word' id='word_1_311' title='bbox 1405 2806 1624 2863; x_wconf 86' lang='lat' dir='ltr'><strong>Aristoph.</strong></span> 
     </span>
     <span class='ocr_line' id='line_1_39' title="bbox 162 2869 1626 2926; baseline 0.005 -17"><span class='ocrx_word' id='word_1_312' title='bbox 162 2869 265 2925; x_wconf 87' lang='lat' dir='ltr'><strong>Lys.</strong></span> <span class='ocrx_word' id='word_1_313' title='bbox 299 2871 395 2923; x_wconf 90' lang='lat'><strong>267.</strong></span> <span class='ocrx_word' id='word_1_314' title='bbox 428 2870 678 2925; x_wconf 83' lang='lat' dir='ltr'><strong>Harpocrat.</strong></span> <span class='ocrx_word' id='word_1_315' title='bbox 713 2871 1033 2924; x_wconf 77' lang='grc' dir='ltr'>Ἑξεπρέμνιζον,</span> <span class='ocrx_word' id='word_1_316' title='bbox 1069 2873 1156 2914; x_wconf 83' lang='grc' dir='ltr'>ἀντὶ</span> <span class='ocrx_word' id='word_1_317' title='bbox 1188 2876 1258 2914; x_wconf 87' lang='grc' dir='ltr'>τοῦ</span> <span class='ocrx_word' id='word_1_318' title='bbox 1292 2876 1547 2926; x_wconf 81' lang='grc' dir='ltr'>κατέβαλλον</span> <span class='ocrx_word' id='word_1_319' title='bbox 1577 2877 1626 2916; x_wconf 78' lang='grc' dir='ltr'>τὰ</span> 
     </span>
     <span class='ocr_line' id='line_1_40' title="bbox 160 2936 1625 2999; baseline 0.005 -22"><span class='ocrx_word' id='word_1_320' title='bbox 160 2937 328 2989; x_wconf 83' lang='grc' dir='ltr'>πρέμνα,</span> <span class='ocrx_word' id='word_1_321' title='bbox 349 2936 530 2978; x_wconf 86' lang='grc' dir='ltr'>τουτέστι</span> <span class='ocrx_word' id='word_1_322' title='bbox 546 2937 663 2991; x_wconf 89' lang='grc' dir='ltr'>μέχρι</span> <span class='ocrx_word' id='word_1_323' title='bbox 682 2939 795 2991; x_wconf 81' lang='grc' dir='ltr'>ῥιζῶν</span> <span class='ocrx_word' id='word_1_324' title='bbox 817 2941 864 2980; x_wconf 80' lang='grc' dir='ltr'>τὰ</span> <span class='ocrx_word' id='word_1_325' title='bbox 883 2939 1070 2994; x_wconf 87' lang='grc' dir='ltr'>στελέχη.</span> <span class='ocrx_word' id='word_1_326' title='bbox 1115 2941 1376 2993; x_wconf 82' lang='grc' dir='ltr'>Δημοσθένης</span> <span class='ocrx_word' id='word_1_327' title='bbox 1397 2943 1442 2983; x_wconf 81' lang='grc' dir='ltr'>ἐν</span> <span class='ocrx_word' id='word_1_328' title='bbox 1463 2946 1516 2999; x_wconf 76' lang='grc' dir='ltr'>τῷ</span> <span class='ocrx_word' id='word_1_329' title='bbox 1536 2944 1625 2996; x_wconf 84' lang='grc' dir='ltr'>περὶ</span> 
     </span>
    </p>
   </div>
   <div class='ocr_carea' id='block_1_3' title="bbox 158 3002 763 3056">
    <p class='ocr_par' dir='ltr' id='par_1_13' title="bbox 158 3002 763 3056">
     <span class='ocr_line' id='line_1_41' title="bbox 158 3002 763 3056; baseline 0.002 -11"><span class='ocrx_word' id='word_1_330' title='bbox 158 3002 323 3056; x_wconf 47' lang='grc' dir='ltr'>(Αγνίου</span> <span class='ocrx_word' id='word_1_331' title='bbox 346 3003 501 3056; x_wconf 86' lang='grc' dir='ltr'>κλήρου.</span> <span class='ocrx_word' id='word_1_332' title='bbox 534 3005 763 3046; x_wconf 77' lang='lat' dir='ltr'><strong>BLOMF.</strong></span> 
     </span>
    </p>
   </div>
  </div>
 </body>
</html>
