1898 3256
354 260 444 300 AD
477 259 732 301 SEPTEM
766 258 1095 300 ADVERSUS
1128 257 1400 298 THEBAS.
1532 256 1614 300 191

204 370 303 425 588.
336 370 542 426 κεκευθὼς]
568 371 763 426 opertus.
796 367 982 424 Κεραυνῷ
1013 370 1089 422 γὰρ
1110 371 1328 422 σχισθεῖσα
1347 368 1371 419 ἡ
1391 370 1442 422 γῆ
1463 366 1616 420 ἔλαβεν

149 438 281 480 αὐτόν.
306 438 443 480 Schol.
482 438 652 480 Pindar.
674 437 741 480 Ol.
763 439 805 489 6,
825 437 888 479 18.
909 436 1094 491 Ἀγησία,
1116 437 1177 477 τὶν
1197 435 1228 477 δ’
1251 435 1360 479 αἶνος
1381 435 1548 488 ἕτοιμος,
1570 435 1618 477 ὃν

149 506 194 546 ἐν
214 507 299 562 δίκᾳ
318 506 395 548 ἀπὸ
415 508 608 560 γλώσσας
631 505 856 560 ’Ἄδραστος
874 504 1016 558 μάντιν
1037 505 1253 546 Οἰκλείδαν
1272 502 1358 545 ποτ’
1382 504 1422 547 ἐς
1441 502 1615 557 Ἀμφιά-

146 591 246 627 ραον
267 573 469 628 φθέγξατ’,
494 575 579 616 ἐπεὶ
606 576 704 616 κατὰ
733 573 818 628 γαῖ’
848 574 968 615 αὐτόν
996 590 1040 614 τε
1070 589 1132 614 νιν
1163 572 1226 613 καὶ
1257 572 1445 624 φαιδίμας
1474 572 1617 615 ἵππους

148 641 340 696 ἔμαρψεν.
366 651 478 683 totus
498 657 594 684 vero
620 643 734 684 locus
763 640 1067 698 pulcherrimus
1094 650 1169 681 est.
1194 640 1317 681 Nem.
1340 653 1403 681 10.
1426 652 1493 691 14.
1515 643 1616 680 Γαῖα

147 708 180 750 δ’
208 710 254 751 ε’ν
277 710 436 762 Θήβαις
460 709 648 751 ὑπέδεκτο
679 712 971 763 κεραυνωθεῖσα
993 708 1090 752 Διὸς
1117 707 1264 760 βέλεσι
1292 707 1434 760 μάντιν
1453 708 1614 749 Οἶκλεί»

148 779 233 818 δαν.
266 777 497 819 BLOMF.

203 845 300 899 ὑπὸ]
326 846 391 886 ἐπὶ
410 844 568 902 aliquot
589 844 728 896 codd.,
749 844 857 887 inter
876 860 982 902 quos
1004 844 1071 894 M,
1093 853 1135 886 et
1156 844 1268 886 Rob.

203 911 303 967 589.
333 912 457 963 Quod
485 913 585 955 dicit
607 914 677 955 οὐκ
697 914 837 967 ἄτιμον
858 914 1000 963 ἐλπίζω
1020 915 1158 966 μόρον,
1180 928 1229 953 eo
1249 920 1391 968 aperte
1411 910 1616 968 significat

147 994 190 1020 se
209 989 322 1022 certo
341 979 590 1037 periturum,
614 997 779 1038 sperare
799 991 937 1024 tamen
958 997 1000 1022 se
1020 980 1176 1037 aliquid
1205 979 1393 1037 praeclari
1413 989 1508 1021 ante
1527 980 1615 1021 fac-

146 1054 290 1090 turum
321 1065 422 1101 esse,
450 1050 555 1092 sicut
575 1051 743 1092 Orestes
772 1049 815 1091 in
843 1048 996 1106 Eurip.
1020 1049 1119 1106 Iph.
1144 1050 1277 1090 Taur.
1299 1061 1398 1103 321.
1431 1047 1612 1098 Πυλάδη,

147 1117 369 1169 θανούμεθ’·
404 1118 499 1159 ἀλλ’
526 1118 630 1162 ὅπως
659 1118 884 1170 θανούμεθα
914 1115 1126 1164 Κάλλισθ’,
1160 1118 1256 1157 ἑποΰ
1285 1133 1364 1168 μοι,
1397 1115 1615 1169 φάσγανον

148 1183 307 1228 σπάσας
334 1187 436 1240 χερί.
466 1185 525 1227 ita
553 1185 661 1226 enim
693 1184 1012 1241 distinguendus
1041 1193 1104 1225 est
1127 1183 1204 1225 iste
1224 1183 1352 1225 locus.
1375 1183 1492 1241 Cycl.
1518 1196 1613 1226 200.

141 1249 279 1302 Ἀλλ’,
314 1255 350 1295 εἶ
383 1256 520 1295 θανεῖν
555 1257 625 1301 δεῖ,
658 1251 938 1305 κατθανούμεθ’
971 1252 1152 1295 εὐκλεῶς.
1204 1251 1273 1293 Cf.
1306 1253 1463 1308 Agam.
1488 1251 1612 1296 1281.

147 1319 365 1376 Aristoph.
387 1320 535 1377 Equit.
557 1322 623 1363 80.
656 1322 888 1363 BLOMF.

202 1400 303 1441 590.
336 1388 441 1443 ἔχων
459 1404 537 1446 pro
557 1388 687 1442 νέμων
706 1388 808 1430 Ald.
831 1388 941 1430 Rob.
963 1387 1125 1429 codices
1145 1386 1333 1444 quidam,
1354 1398 1396 1430 et
1422 1388 1548 1430 schol.
1571 1388 1613 1429 in

147 1454 302 1512 Eurip.
339 1457 490 1499 Phoen.
522 1458 646 1499 1118.
681 1458 754 1514 qui
788 1456 830 1497 in
869 1456 1062 1514 proximo
1095 1472 1216 1498 versu
1255 1456 1350 1510 ἕρπε
1388 1471 1467 1513 pro
1500 1457 1613 1509 ηὔδα.

148 1523 379 1566 BLOMF.
411 1525 516 1580 ἔχων
538 1527 618 1579 (γρ.
642 1525 790 1580 νέμων)
814 1525 880 1566 Μ.
912 1528 1052 1577 νωμῶν
1072 1525 1216 1581 Mosq.
1240 1539 1362 1566 unus.

203 1604 302 1648 592.
324 1596 455 1636 δοκεῖν
475 1594 653 1651 ἄριστος]
678 1597 808 1636 δοκεῖν
825 1594 973 1637 δίκαιος
989 1593 1176 1650 praetulit
1190 1591 1477 1642 Blomfieldus‚
1492 1591 1615 1648 cujus

147 1659 236 1702 haec
266 1669 326 1702 est
356 1662 569 1703 annotatio
590 1667 619 1686 “
635 1662 704 1703 Ita
725 1662 960 1703 Porsonus:
992 1661 1116 1703 ceteri
1132 1676 1274 1702 omnes
1295 1664 1427 1703 δοκεῖν
1442 1660 1613 1713 ἄριστος.

149 1734 162 1754 ‘
176 1731 323 1774 δίκαιος
344 1731 466 1772 Plato
486 1730 576 1772 Pol.
601 1743 638 1773 2.
663 1746 710 1787 p.
731 1730 829 1786 362.
851 1731 904 1772 A.
938 1731 1155 1772 Plutarch.
1176 1730 1358 1771 Aristid.
1370 1744 1421 1786 p.
1442 1741 1541 1783 320.
1565 1728 1616 1770 C.

148 1796 347 1838 Damaso.
384 1798 502 1854 apud
531 1797 725 1839 Photium
754 1812 861 1854 pag.
897 1810 1021 1853 1032,
1052 1810 1121 1853 55.
1165 1797 1236 1838 ubi
1271 1797 1378 1837 adde
1411 1797 1509 1836 κατὰ
1545 1794 1617 1836 τὸν

148 1865 358 1919 Αἰσχύλον
388 1879 441 1906 ea‘
476 1865 628 1916 Suada,
664 1866 738 1922 qui
769 1866 902 1907 locum
934 1867 1160 1923 eoescripsv't
1193 1879 1231 1907 v.
1264 1866 1422 1907 δίκαιος.
1458 1864 1618 1916 ἄριστος

148 1937 286 1973 tamen
324 1932 444 1974 habet
477 1934 731 1975 Plutarchus
762 1934 972 1991 Apophth.
1005 1949 1049 1990 p.
1076 1934 1168 1975 186.
1196 1934 1252 1974 B.
1289 1934 1414 1974 etiam
1446 1932 1618 1987 respicit

149 2000 344 2042 Basilius
363 2001 412 2042 de
431 2001 512 2058 leg.
537 2002 723 2043 Graecor.
745 2001 841 2043 libr.
859 2017 904 2058 p.
926 2014 994 2056 92.
1017 2001 1077 2042 ed.
1102 2003 1222 2043 Grot.
1275 2001 1340 2043 Cl.
1362 1999 1618 2041 Alexandra·-

149 2082 232 2109 ηοω
252 2069 408 2110 Strom.
429 2082 463 2110 1.
485 2084 527 2125 p.
548 2082 648 2124 319,
671 2081 738 2111 21.
767 2070 913 2113 δίκαιος
940 2071 1101 2111 δἀἱώις
1131 2084 1171 2111 v.
1201 2068 1415 2121 δοκιμάσας
1442 2069 1490 2108 in
1520 2067 1613 2108 edd.

148 2135 267 2176 Med.
288 2135 382 2177 Am.
405 2144 460 2187 et,
481 2137 688 2186 alludens,
710 2137 893 2192 Sopater
919 2139 966 2178 in
987 2138 1198 2194 Hermog.
1221 2138 1334 2178 inter
1354 2136 1455 2177 Aldvt
1476 2136 1615 2177 Rhea.

152 2203 230 2244 vol.
254 2216 293 2246 2.
319 2219 366 2260 p.
392 2205 475 2260 303
519 2205 576 2245 R.
599 2205 650 2246 P.
694 2204 881 2246 Platonis
911 2214 951 2246 et
982 2205 1197 2247 Plutarchi
1226 2204 1337 2246 locos
1364 2202 1618 2244 indicaverat

151 2270 356 2312 Abresch.
388 2272 654 2313 Damascium
687 2272 850 2313 addidit
879 2272 1108 2314 Ruhnken.
1141 2273 1193 2314 ad
1228 2271 1439 2313 Timaeum
1470 2286 1512 2327 p.
1542 2272 1615 2326 58.

151 2337 222 2379 sed
252 2353 393 2379 omnes
415 2339 668 2395 jamdudum
699 2355 794 2382 cum
817 2340 1022 2397 AEschylo
1049 2340 1281 2382 contulerat
1303 2339 1543 2381 Gatakerus
1562 2338 1616 2379 ad
1646 2391 1648 2393 v

153 2404 221 2445 M.
250 2406 452 2448 Antonin.
483 2407 522 2454 8,
548 2420 583 2448 Ι.
609 2423 652 2463 p.
685 2420 782 2462 294.
816 2409 977 2460 ἄριστος
1008 2408 1130 2449 etiam
1166 2407 1378 2449 Plutarch.
1416 2406 1469 2447 de
1497 2406 1616 2448 Aud.

155 2473 274 2514 Poet.
294 2487 335 2528 p.
355 2475 426 2527 56.
459 2482 500 2515 et
531 2475 680 2515 Tzetz.
708 2474 816 2516 Chil.
845 2485 887 2530 5,
907 2486 1006 2530 995.
1039 2477 1185 2518 δίκαιος
1215 2475 1342 2517 schol.
1375 2475 1542 2516 Platon.
1571 2490 1615 2531 p.

157 2552 251 2593 149.
313 2541 377 2580 At
402 2555 500 2581 vero
521 2540 722 2591 Platonis,
744 2541 899 2592 Basilii,
923 2542 1147 2593 Damascfi,
1180 2542 1322 2584 Suidae
1352 2542 1619 2583 auctoritates

155 2621 280 2648 unam
311 2615 474 2648 tantum
503 2607 669 2655 valent;
709 2607 960 2651 Plutarchus
990 2619 1128 2650 autem
1162 2610 1354 2667 AEschyli
1385 2609 1513 2651 verba
1541 2624 1619 2666 pro

156 2689 270 2716 more
305 2690 380 2716 suo
409 2674 553 2716 leviter
580 2675 623 2716 in
653 2691 738 2717 rem
771 2691 886 2717 suam
918 2677 1134 2718 detorsisse
1165 2677 1313 2733 potuit.
1375 2677 1521 2718 Visum
1557 2686 1619 2719 est

155 2753 293 2784 tamen
315 2743 547 2783 Porsonum
569 2743 698 2799 sequi.
760 2743 970 2799 Polynicis
996 2744 1162 2801 signum
1193 2756 1280 2786 erat
1302 2747 1418 2797 Δίκη,
1436 2745 1553 2802 quod
1581 2746 1618 2787 ei

155 2809 260 2851 salsa
273 2809 452 2865 quadam
472 2810 603 2852 ironia
618 2811 768 2867 objecit
783 2811 1083 2867 Amphiaraus,
1101 2811 1223 2868 cujus
1236 2812 1332 2854 alba
1344 2814 1435 2854 'erat
1450 2827 1614 2869 parma3

155 2877 232 2918 iste
251 2877 359 2918 enim
381 2891 463 2918 non
477 2877 682 2934 justitiam
703 2893 792 2935 prae
813 2894 855 2920 se
874 2878 1048 2929 ferebat,
1069 2878 1157 2929 sed,
1175 2888 1223 2921 ut
1240 2881 1364 2931 Cato,
1384 2883 1618 2937 essequam

155 2943 285 2986 videri
307 2944 500 2986 malebat.
531 2946 690 2998 ἄριστος
708 2945 848 2988 forsan
868 2946 1032 3003 irrepsit
1051 2962 1074 2988 e
1087 2962 1126 2988 ν.
1142 2948 1240 3002 566.
1263 2948 1410 2991 δίκαιος
1428 2948 1619 2990 firmatur

156 3027 181 3053 a
201 3028 240 3054 v.
263 3026 360 3067 594.
383 3014 562 3054 Eumen.
585 3026 681 3066 429.
706 3015 853 3057 Κλύειν
879 3017 1033 3059 δικαίως
1061 3019 1218 3067 μᾶλλον
1247 3015 1271 3069 ἢ
1300 3020 1443 3070 πρᾶξαι
1473 3016 1618 3061 θέλεις.
