1898 3256
361 260 449 302 AD
483 256 737 302 SEPTEM
770 256 1103 300 ADVERSUS
1135 256 1405 297 THEBAS.
1534 255 1620 297 223

157 375 255 418 νεύς.
276 373 428 431 Eurip.
450 373 550 430 Iph.
573 373 708 414 Taur.
723 383 822 429 323.
846 371 1017 412 δίπαλτα
1036 369 1240 421 πολεμίων
1259 369 1369 423 ξίφη.
1392 365 1622 425 Theophy-

156 441 252 484 lact.
275 442 448 499 Bulgar.
474 439 612 498 Epist.
635 452 704 495 74.
723 455 764 497 p.
782 453 877 492 109.
899 438 1086 481 δίπαλτος
1105 437 1199 489 ἡμῖν
1219 438 1241 478 ὁ
1261 435 1433 490 πονηρὸς
1454 435 1622 478 ἔπεισιν.

155 509 318 567 duplici
349 512 406 552 vi.
445 511 715 551 Hermannus
743 507 844 564 legit
873 506 1086 549 διπάλτων,
1118 504 1244 546 citato
1272 504 1489 561 Sophoclis
1515 505 1620 557 loco.

157 578 368 635 Equidem
403 593 498 620 cum
530 576 704 619 Butlero
733 576 947 632 vulgatam
978 573 1150 616 retineo.
1183 574 1417 615 BLOMF.
1479 574 1623 624 Quum

158 645 210 687 de
231 646 394 688 duobus
414 645 612 687 fratribus
631 653 794 701 agatur,
815 659 895 685 non
917 641 1164 699 intelligitur
1182 656 1258 682 cur
1282 642 1476 694 τρίπαλτα
1496 656 1624 698 quam

158 714 331 755 δίπαλτα
348 713 506 765 πήματα
525 712 659 754 dicere
679 711 871 753 maluerit
891 710 1133 767 AEschylus.
1176 710 1307 751 Recte
1329 710 1625 750 Hermannum

160 782 362 824 διπάλτων
380 780 602 823 correxisse
623 779 814 830 arbitror,
836 788 964 835 atque
983 777 1026 819 id
1054 778 1193 835 ipsum
1221 776 1264 818 in
1293 776 1493 818 librorum
1525 777 1627 819 latet

160 849 364 907 scriptura
392 850 530 903 δίυγρα
558 848 758 890 διπάλτων
785 846 986 900 πημάτων,
1014 860 1140 902 quam
1171 845 1366 887 librarius
1394 844 1544 902 aliquis
1573 860 1627 887 ex

159 923 403 981 antiquioris
421 923 573 966 codicis
592 923 766 965 1ectione
785 921 985 965 confinxit
1005 922 1135 975 λυγρὰ
1155 902 1381 973 damam„
1400 918 1600 972 πημάτων.

219 993 316 1047 986.
350 996 417 1034 ΙΣ.
448 994 550 1033 ὀλοὰ
578 991 727 1046 λέγειν.
763 994 850 1033 AN.
872 992 974 1032 ὀλοὰ
998 989 1029 1031 δ’
1052 988 1164 1043 ὁρᾶν]
1186 987 1325 1029 Verba
1353 1002 1376 1028 e
1405 987 1496 1029 loco
1525 988 1630 1030 infe-

161 1059 268 1102 riore
288 1073 385 1115 994.
407 1060 491 1102 huc
510 1059 625 1101 illata
644 1069 755 1101 recte
774 1058 885 1100 delet
906 1057 1188 1099 Wellauerus.

221 1129 462 1184 987—989.
485 1128 644 1184 ἷὼ-εἶ]
659 1129 812 1170 Versus
828 1127 1057 1184 Antigonae
1073 1124 1201 1182 vulgo
1220 1123 1484 1167 continuatos
1502 1124 1629 1167 choro

164 1195 307 1247 tribui,
330 1205 378 1238 ut
397 1196 439 1237 in
461 1196 632 1252 stropha
653 1206 750 1251 975.

220 1265 318 1319 987.
342 1265 386 1306 ἰὼ
406 1279 489 1305 om.
512 1264 751 1306 B.E.L.M.
773 1264 852 1305 Ar.

220 1332 316 1386 989.
336 1331 490 1384 μέλαιν’
513 1333 736 1373 Porsonus.
766 1331 939 1384 μέλαινά
958 1330 990 1372 τ’
1012 1330 1121 1373 libri.
1151 1330 1296 1383 μέλαιν
1315 1329 1346 1370 τ’
1368 1329 1474 1372 Ald.

218 1398 373 1453 Ἐρινὺς
392 1399 458 1440 Μ.
489 1398 668 1453 Ἐριννύς
688 1400 831 1456 vulgo.

221 1480 460 1523 990—994.
483 1469 536 1509 In
559 1467 622 1509 his
642 1467 828 1509 versibus
848 1481 1118 1524 personarum
1140 1466 1250 1508 vices
1269 1465 1439 1508 invertit
1460 1466 1572 1508 Rob.

221 1548 319 1590 990.
341 1535 549 1591 διαπερῶν]
573 1535 796 1577 Schutzius
814 1534 1008 1591 intelligit
1033 1535 1114 1576 huc
1136 1535 1416 1591 profici-scens.
1477 1534 1632 1575 Malim

164 1618 260 1645 cum
280 1602 496 1644 scholiasta
517 1606 710 1656 διαπερῶν
728 1607 883 1656 μοῖραν.
916 1603 1150 1644 BLOMF.

223 1684 320 1726 991.
349 1672 518 1724 ὕστερον
537 1686 589 1712 ex
610 1671 803 1713 Turnebi
827 1670 1007 1712 editione
1034 1680 1108 1713 est.
1170 1669 1447 1712 Scribendum
1467 1671 1633 1724 ὕστερος

165 1753 263 1781 cum
285 1739 349 1780 M.
369 1737 541 1794 aliisque
561 1738 682 1781 codd.
703 1748 745 1780 et
765 1738 870 1780 Ald.
893 1738 1002 1780 Rob.

226 1825 324 1868 993.
348 1804 561 1865 ἇντηρέτᾶς
582 1812 647 1852 Μ.

225 1890 323 1935 995.
341 1878 418 1920 Ἰσ.
442 1880 485 1920 ἰὼ
507 1880 550 1921 ἰὼ
570 1876 848 1931 πόνος-ἐμοί.
871 1882 945 1920 Αν.
971 1879 1015 1920 ἰὼ
1044 1876 1088 1920 ῑῶ
1112 1877 1157 1919 τὸ
1188 1876 1324 1932 πρόσω
1354 1877 1386 1920 τ’
1419 1879 1521 1931 ἐμοί.
1556 1877 1633 1919 Ἰσ.

170 1949 214 1990 ἰὼ
225 1973 285 1979 -
299 1979 309 1989 .
332 1948 443 1990 Rob.

227 2017 271 2058 ἰὼ
291 2014 427 2071 πόνος]
451 2016 494 2057 ἰὼ
516 2016 559 2057 lb)
578 2014 699 2058 πόνος
720 2014 829 2056 Rob.

225 2083 364 2139 πόνος]
398 2083 488 2138 οὑφ’
515 2085 608 2137 ἡμῖν
634 2082 730 2125 add.
765 2082 910 2139 Steph.
943 2084 964 2124 ὁ
993 2081 1055 2137 ἐφ’
1077 2083 1170 2135 ἡμῖν
1191 2083 1243 2124 Β.
1275 2084 1296 2124 ὁ
1318 2083 1385 2136 ἐφ’
1403 2083 1496 2136 ἡμῖν
1517 2083 1635 2134 ἐξημ-

168 2151 288 2204 μένος
307 2151 420 2193 Rob.
439 2159 480 2193 et
509 2150 631 2202 codd.v
656 2150 844 2192 nonnulli
874 2149 955 2192 levi
983 2165 1079 2192 cum
1111 2149 1327 2207 scripturae
1358 2149 1636 2208 discrepantia

168 2219 212 2260 in
233 2219 338 2274 οὖφ’,
362 2218 438 2273 ἐφ’,
459 2218 541 2273 ὑφ’.

228 2289 271 2329 ἰὼ
292 2287 406 2343 κακὰ]
430 2288 474 2328 ἰὼ
495 2288 539 2328 ἰὼ
560 2289 659 2329 κακὰ
680 2285 824 2343 Steph.
846 2296 887 2329 et
907 2301 1003 2343 pars
1027 2286 1231 2328 codicum.
1294 2286 1433 2329 Verba
1464 2288 1508 2328 ἰὼ
1536 2288 1637 2328 κακὰ

171 2356 323 2408 δώμασι
341 2370 421 2396 om.
444 2354 555 2396 Rob.

228 2424 325 2478 996.
357 2423 508 2475 δώμασι
538 2422 601 2463 καὶ
630 2422 692 2479 (τῇ
722 2421 840 2463 addit
861 2422 993 2476 Rob.)
1026 2423 1156 2477 χθονὶ,
1177 2422 1252 2476 πρὸ
1279 2422 1439 2464 πάντων
1469 2421 1500 2463 δ’
1533 2424 1636 2474 ἐμοί.

172 2495 259 2533 AN.
283 2493 327 2533 ἰὼ
354 2492 398 2533 ἰὼ
425 2490 616 2545 (alterum
640 2491 682 2531 ἰὼ
703 2504 785 2531 om.
808 2499 891 2531 tres
910 2489 1087 2540 codices,
1111 2499 1338 2546 utrumque
1364 2492 1408 2531 ἰὼ
1438 2489 1638 2531 omittunt

172 2560 295 2601 B.M.
327 2568 370 2600 et
397 2568 491 2600 octo
519 2558 588 2599 alii
615 2557 809 2611 codices),
842 2558 906 2599 καὶ
932 2557 1068 2610 πρόσω
1097 2557 1134 2611 γ’
1167 2558 1245 2611 (sic
1278 2557 1449 2614 Steph.:
1498 2558 1562 2598 καὶ
1591 2558 1638 2598 τὸ

171 2626 307 2680 πρόσω
327 2627 366 2681 γ’
386 2628 453 2668 M.
473 2625 625 2682 aliique
639 2625 808 2682 plurimi
830 2641 923 2667 cum
942 2625 1046 2666 Ald.
1066 2627 1202 2667 Turn.
1225 2625 1270 2667 τὸ
1290 2623 1425 2679 πρόσω
1445 2624 1478 2666 τ’
1502 2624 1636 2678 Rob.)

173 2694 283 2750 ἐμοί]
306 2695 414 2736 Haec
433 2694 490 2736 sic
511 2703 608 2736 sunt
623 2693 666 2734 in
686 2693 872 2735 ordinem
895 2693 1123 2750 redigenda

518 2792 606 2830 AN.
640 2789 791 2840 δώμασι
812 2789 876 2829 καὶ
895 2789 1016 2841 χθονί

516 2860 582 2897 ΙΣ.
615 2857 677 2897 καὶ
697 2855 741 2896 τὸ
762 2854 898 2908 πρόσω
919 2854 954 2908 γ’
979 2856 1079 2907 ἐμοί·

517 2927 606 2965 AN.
639 2924 682 2965 ἰὼ
705 2924 762 2970 ἰὼ,
784 2922 860 2975 πρὸ
881 2922 1039 2964 πάντων
1059 2921 1091 2964 δ’
1114 2923 1216 2975 ἐμοί.

234 3019 329 3076 998.
353 3020 398 3062 ἰὼ
419 3019 463 3062 ἰὼ
483 3018 537 3075 δ.]
560 3019 603 3062 ἰὼ
624 3017 748 3061 semel
767 3018 845 3060 Ar.
869 3019 1039 3061 Barocc.
1059 3017 1163 3061 Ald.
