<?xml version="1.0" encoding="UTF-8"?>
<!DOCTYPE html PUBLIC "-//W3C//DTD XHTML 1.0 Transitional//EN"
    "http://www.w3.org/TR/xhtml1/DTD/xhtml1-transitional.dtd">
<html xmlns="http://www.w3.org/1999/xhtml" xml:lang="en" lang="en">
 <head>
  <title>
</title>
<meta http-equiv="Content-Type" content="text/html;charset=utf-8" />
  <meta name='ocr-system' content='tesseract 3.04.00' />
  <meta name='ocr-capabilities' content='ocr_page ocr_carea ocr_par ocr_line ocrx_word'/>
</head>
<body>
  <div class='ocr_page' id='page_1' title='image "./tragoediaesupers02aescuoft_0017.png"; bbox 0 0 1898 3178; ppageno 0'>
   <div class='ocr_carea' id='block_1_1' title="bbox 702 185 1620 242">
    <p class='ocr_par' dir='ltr' id='par_1_1' title="bbox 702 185 1620 242">
     <span class='ocr_line' id='line_1_1' title="bbox 702 185 1620 242; baseline -0.005 -13"><span class='ocrx_word' id='word_1_1' title='bbox 702 185 1063 229; x_wconf 77' lang='lat' dir='ltr'><strong>PRAEFATlo.</strong></span> <span class='ocrx_word' id='word_1_2' title='bbox 1310 230 1320 242; x_wconf 63' lang='grc'><em>,</em></span> <span class='ocrx_word' id='word_1_3' title='bbox 1563 185 1620 225; x_wconf 83' lang='lat'><strong>13</strong></span> 
     </span>
    </p>
   </div>
   <div class='ocr_carea' id='block_1_2' title="bbox 153 299 1629 2206">
    <p class='ocr_par' dir='ltr' id='par_1_2' title="bbox 153 299 1620 520">
     <span class='ocr_line' id='line_1_2' title="bbox 153 299 1620 365; baseline -0.003 -16"><span class='ocrx_word' id='word_1_4' title='bbox 153 304 327 358; x_wconf 67' lang='lat' dir='ltr'><strong>rencia»,</strong></span> <span class='ocrx_word' id='word_1_5' title='bbox 351 304 529 365; x_wconf 78' lang='lat' dir='ltr'><strong>partim</strong></span> <span class='ocrx_word' id='word_1_6' title='bbox 551 302 728 356; x_wconf 82' lang='lat' dir='ltr'><strong>Romae,</strong></span> <span class='ocrx_word' id='word_1_7' title='bbox 745 303 926 364; x_wconf 76' lang='lat' dir='ltr'><strong>partim</strong></span> <span class='ocrx_word' id='word_1_8' title='bbox 948 301 1084 347; x_wconf 78' lang='lat' dir='ltr'><strong>etiam</strong></span> <span class='ocrx_word' id='word_1_9' title='bbox 1108 299 1307 361; x_wconf 80' lang='lat' dir='ltr'><em>Neapoli</em></span> <span class='ocrx_word' id='word_1_10' title='bbox 1340 300 1400 345; x_wconf 83' lang='lat' dir='ltr'><strong>ab</strong></span> <span class='ocrx_word' id='word_1_11' title='bbox 1435 315 1486 345; x_wconf 88' lang='lat' dir='ltr'><strong>se</strong></span> <span class='ocrx_word' id='word_1_12' title='bbox 1520 314 1620 345; x_wconf 91' lang='lat' dir='ltr'><strong>esse</strong></span> 
     </span>
     <span class='ocr_line' id='line_1_3' title="bbox 153 376 1620 440; baseline -0.003 -15"><span class='ocrx_word' id='word_1_13' title='bbox 153 379 272 425; x_wconf 77' lang='lat' dir='ltr'><strong>visos</strong></span> <span class='ocrx_word' id='word_1_14' title='bbox 302 386 458 426; x_wconf 87' lang='lat' dir='ltr'><strong>narrat</strong></span> <span class='ocrx_word' id='word_1_15' title='bbox 485 395 531 440; x_wconf 91' lang='lat' dir='ltr'><strong>p.</strong></span> <span class='ocrx_word' id='word_1_16' title='bbox 560 383 660 439; x_wconf 85' lang='lat'><strong>356,</strong></span> <span class='ocrx_word' id='word_1_17' title='bbox 695 378 776 424; x_wconf 81' lang='lat' dir='ltr'><strong>sed</strong></span> <span class='ocrx_word' id='word_1_18' title='bbox 808 379 859 424; x_wconf 76' lang='lat' dir='ltr'><strong>in</strong></span> <span class='ocrx_word' id='word_1_19' title='bbox 899 393 1093 440; x_wconf 79' lang='lat' dir='ltr'><strong>quorum</strong></span> <span class='ocrx_word' id='word_1_20' title='bbox 1127 376 1244 423; x_wconf 79' lang='lat' dir='ltr'><strong>bona</strong></span> <span class='ocrx_word' id='word_1_21' title='bbox 1277 382 1414 438; x_wconf 76' lang='lat' dir='ltr'><strong>parte</strong></span> <span class='ocrx_word' id='word_1_22' title='bbox 1451 376 1620 437; x_wconf 71' lang='lat' dir='ltr'><strong>prima}</strong></span> 
     </span>
     <span class='ocr_line' id='line_1_4' title="bbox 155 453 1012 520; baseline -0.002 -18"><span class='ocrx_word' id='word_1_23' title='bbox 155 462 331 502; x_wconf 80' lang='lat' dir='ltr'><strong>tantum</strong></span> <span class='ocrx_word' id='word_1_24' title='bbox 356 463 446 503; x_wconf 79' lang='lat' dir='ltr'><strong>tre-s</strong></span> <span class='ocrx_word' id='word_1_25' title='bbox 469 454 707 520; x_wconf 72' lang='lat' dir='ltr'><strong>traqoedioe</strong></span> <span class='ocrx_word' id='word_1_26' title='bbox 728 453 1012 501; x_wconf 77' lang='lat' dir='ltr'><strong><em>haberentur.</em></strong></span> 
     </span>
    </p>

    <p class='ocr_par' dir='ltr' id='par_1_3' title="bbox 154 530 1629 2206">
     <span class='ocr_line' id='line_1_5' title="bbox 221 530 1623 593; baseline -0.003 -13"><span class='ocrx_word' id='word_1_27' title='bbox 221 534 492 580; x_wconf 90' lang='lat' dir='ltr'><strong>Editionem</strong></span> <span class='ocrx_word' id='word_1_28' title='bbox 517 532 887 593; x_wconf 88' lang='lat' dir='ltr'><strong>Stephanianam</strong></span> <span class='ocrx_word' id='word_1_29' title='bbox 909 547 1005 577; x_wconf 91' lang='lat' dir='ltr'><strong>non</strong></span> <span class='ocrx_word' id='word_1_30' title='bbox 1029 531 1129 577; x_wconf 91' lang='lat' dir='ltr'><strong>sine</strong></span> <span class='ocrx_word' id='word_1_31' title='bbox 1152 531 1480 591; x_wconf 80' lang='lat' dir='ltr'><strong>frequentibus</strong></span> <span class='ocrx_word' id='word_1_32' title='bbox 1507 530 1623 577; x_wconf 87' lang='lat' dir='ltr'><strong>levi-</strong></span> 
     </span>
     <span class='ocr_line' id='line_1_6' title="bbox 154 609 1622 670; baseline 0.001 -14"><span class='ocrx_word' id='word_1_33' title='bbox 154 626 287 657; x_wconf 90' lang='lat' dir='ltr'><strong>orum</strong></span> <span class='ocrx_word' id='word_1_34' title='bbox 322 611 544 656; x_wconf 86' lang='lat' dir='ltr'><strong>vitiorum</strong></span> <span class='ocrx_word' id='word_1_35' title='bbox 579 610 946 656; x_wconf 83' lang='lat' dir='ltr'>correctionibus</span> <span class='ocrx_word' id='word_1_36' title='bbox 983 611 1206 670; x_wconf 88' lang='lat' dir='ltr'><strong>repetivit</strong></span> <span class='ocrx_word' id='word_1_37' title='bbox 1241 609 1352 656; x_wconf 86' lang='lat' dir='ltr'><strong>Gul.</strong></span> <span class='ocrx_word' id='word_1_38' title='bbox 1389 610 1622 657; x_wconf 88' lang='lat' dir='ltr'><strong>Cantems</strong></span> 
     </span>
     <span class='ocr_line' id='line_1_7' title="bbox 154 686 1622 748; baseline 0.001 -15"><span class='ocrx_word' id='word_1_39' title='bbox 154 687 444 748; x_wconf 88' lang='lat' dir='ltr'><strong>Antwerpiae</strong></span> <span class='ocrx_word' id='word_1_40' title='bbox 463 703 503 733; x_wconf 91' lang='lat' dir='ltr'><strong>a.</strong></span> <span class='ocrx_word' id='word_1_41' title='bbox 515 691 636 746; x_wconf 83' lang='lat'>1580.</span> <span class='ocrx_word' id='word_1_42' title='bbox 675 686 935 732; x_wconf 88' lang='lat' dir='ltr'><strong>Canterum</strong></span> <span class='ocrx_word' id='word_1_43' title='bbox 959 693 1148 733; x_wconf 89' lang='lat' dir='ltr'><strong>secutus</strong></span> <span class='ocrx_word' id='word_1_44' title='bbox 1166 694 1239 733; x_wconf 91' lang='lat' dir='ltr'><strong>est</strong></span> <span class='ocrx_word' id='word_1_45' title='bbox 1257 687 1461 733; x_wconf 86' lang='lat' dir='ltr'>Thomas</span> <span class='ocrx_word' id='word_1_46' title='bbox 1481 687 1622 734; x_wconf 89' lang='lat' dir='ltr'><strong>Stan-</strong></span> 
     </span>
     <span class='ocr_line' id='line_1_8' title="bbox 154 762 1622 825; baseline 0.001 -16"><span class='ocrx_word' id='word_1_47' title='bbox 154 765 284 818; x_wconf 90' lang='lat' dir='ltr'><strong>leius,</strong></span> <span class='ocrx_word' id='word_1_48' title='bbox 300 765 380 825; x_wconf 92' lang='lat' dir='ltr'><strong>qui</strong></span> <span class='ocrx_word' id='word_1_49' title='bbox 394 763 602 825; x_wconf 85' lang='lat' dir='ltr'><strong>AEschyli</strong></span> <span class='ocrx_word' id='word_1_50' title='bbox 619 763 871 824; x_wconf 85' lang='lat' dir='ltr'><strong>tragoedias</strong></span> <span class='ocrx_word' id='word_1_51' title='bbox 886 762 1089 809; x_wconf 92' lang='lat' dir='ltr'><strong>Londini</strong></span> <span class='ocrx_word' id='word_1_52' title='bbox 1109 764 1258 810; x_wconf 83' lang='lat' dir='ltr'><strong>edidit</strong></span> <span class='ocrx_word' id='word_1_53' title='bbox 1275 780 1317 810; x_wconf 90' lang='lat' dir='ltr'><strong>a.</strong></span> <span class='ocrx_word' id='word_1_54' title='bbox 1330 769 1453 825; x_wconf 88' lang='lat'><strong>1663.</strong></span> <span class='ocrx_word' id='word_1_55' title='bbox 1470 766 1622 811; x_wconf 88' lang='lat' dir='ltr'><strong>doctis</strong></span> 
     </span>
     <span class='ocr_line' id='line_1_9' title="bbox 155 841 1623 902; baseline 0.001 -15"><span class='ocrx_word' id='word_1_56' title='bbox 155 842 405 887; x_wconf 88' lang='lat' dir='ltr'><strong>instructas</strong></span> <span class='ocrx_word' id='word_1_57' title='bbox 439 841 799 894; x_wconf 86' lang='lat' dir='ltr'><strong>commentariis,</strong></span> <span class='ocrx_word' id='word_1_58' title='bbox 829 855 946 900; x_wconf 91' lang='lat' dir='ltr'><strong>quos</strong></span> <span class='ocrx_word' id='word_1_59' title='bbox 972 841 1143 902; x_wconf 85' lang='lat' dir='ltr'><strong>insigni</strong></span> <span class='ocrx_word' id='word_1_60' title='bbox 1171 856 1399 887; x_wconf 84' lang='lat' dir='ltr'><strong>novarum</strong></span> <span class='ocrx_word' id='word_1_61' title='bbox 1427 848 1623 888; x_wconf 85' lang='lat' dir='ltr'><strong>annota-</strong></span> 
     </span>
     <span class='ocr_line' id='line_1_10' title="bbox 154 916 1623 980; baseline 0.001 -17"><span class='ocrx_word' id='word_1_62' title='bbox 154 919 335 963; x_wconf 89' lang='lat' dir='ltr'><strong>tionum</strong></span> <span class='ocrx_word' id='word_1_63' title='bbox 362 919 627 964; x_wconf 84' lang='lat' dir='ltr'><strong>accessione</strong></span> <span class='ocrx_word' id='word_1_64' title='bbox 650 932 712 963; x_wconf 86' lang='lat' dir='ltr'><strong>ex</strong></span> <span class='ocrx_word' id='word_1_65' title='bbox 736 916 920 963; x_wconf 89' lang='lat' dir='ltr'><strong>schedis</strong></span> <span class='ocrx_word' id='word_1_66' title='bbox 943 916 1143 963; x_wconf 86' lang='lat' dir='ltr'><strong>Stanleii</strong></span> <span class='ocrx_word' id='word_1_67' title='bbox 1161 917 1473 978; x_wconf 85' lang='lat' dir='ltr'><strong>locupletatas</strong></span> <span class='ocrx_word' id='word_1_68' title='bbox 1491 935 1623 980; x_wconf 90' lang='lat' dir='ltr'><strong>repe-</strong></span> 
     </span>
     <span class='ocr_line' id='line_1_11' title="bbox 155 994 1623 1056; baseline 0.001 -16"><span class='ocrx_word' id='word_1_69' title='bbox 155 996 264 1040; x_wconf 89' lang='lat' dir='ltr'><strong>tivit</strong></span> <span class='ocrx_word' id='word_1_70' title='bbox 287 994 541 1041; x_wconf 86' lang='lat' dir='ltr'><strong>Butlerus:</strong></span> <span class='ocrx_word' id='word_1_71' title='bbox 588 996 639 1040; x_wconf 90' lang='lat' dir='ltr'><strong>in</strong></span> <span class='ocrx_word' id='word_1_72' title='bbox 662 994 832 1054; x_wconf 89' lang='lat' dir='ltr'><strong>quibus</strong></span> <span class='ocrx_word' id='word_1_73' title='bbox 863 995 1156 1054; x_wconf 88' lang='lat' dir='ltr'><strong>conjecturas</strong></span> <span class='ocrx_word' id='word_1_74' title='bbox 1190 994 1348 1055; x_wconf 89' lang='lat' dir='ltr'><strong>plures</strong></span> <span class='ocrx_word' id='word_1_75' title='bbox 1383 1011 1486 1041; x_wconf 90' lang='lat' dir='ltr'><strong>esse</strong></span> <span class='ocrx_word' id='word_1_76' title='bbox 1519 1012 1623 1056; x_wconf 84' lang='lat' dir='ltr'><strong>quae</strong></span> 
     </span>
     <span class='ocr_line' id='line_1_12' title="bbox 157 1070 1624 1133; baseline 0.002 -17"><span class='ocrx_word' id='word_1_77' title='bbox 157 1070 354 1124; x_wconf 89' lang='lat' dir='ltr'><strong>Aurato‚</strong></span> <span class='ocrx_word' id='word_1_78' title='bbox 388 1070 639 1117; x_wconf 87' lang='lat' dir='ltr'><strong>nonnullas</strong></span> <span class='ocrx_word' id='word_1_79' title='bbox 673 1087 776 1132; x_wconf 87' lang='lat' dir='ltr'><strong>quae</strong></span> <span class='ocrx_word' id='word_1_80' title='bbox 802 1071 836 1118; x_wconf 90' lang='lat' dir='ltr'><strong>J</strong></span> <span class='ocrx_word' id='word_1_81' title='bbox 837 1087 902 1118; x_wconf 90' lang='lat' dir='ltr'><strong>os.</strong></span> <span class='ocrx_word' id='word_1_82' title='bbox 923 1071 1179 1133; x_wconf 82' lang='lat' dir='ltr'><strong>ScaligerO,</strong></span> <span class='ocrx_word' id='word_1_83' title='bbox 1203 1071 1350 1118; x_wconf 88' lang='lat' dir='ltr'><strong>Porto</strong></span> <span class='ocrx_word' id='word_1_84' title='bbox 1378 1079 1428 1118; x_wconf 89' lang='lat' dir='ltr'><strong>et</strong></span> <span class='ocrx_word' id='word_1_85' title='bbox 1452 1073 1515 1119; x_wconf 88' lang='lat' dir='ltr'><strong>Is.</strong></span> <span class='ocrx_word' id='word_1_86' title='bbox 1533 1073 1624 1119; x_wconf 84' lang='lat' dir='ltr'><strong>Ca-</strong></span> 
     </span>
     <span class='ocr_line' id='line_1_13' title="bbox 156 1148 1623 1197; baseline 0.003 -4"><span class='ocrx_word' id='word_1_87' title='bbox 156 1150 364 1194; x_wconf 87' lang='lat' dir='ltr'><strong>saubono</strong></span> <span class='ocrx_word' id='word_1_88' title='bbox 380 1149 642 1194; x_wconf 80' lang='lat' dir='ltr'><strong>debeantur</strong></span> <span class='ocrx_word' id='word_1_89' title='bbox 655 1148 964 1195; x_wconf 88' lang='lat' dir='ltr'><strong>Blomfieldus</strong></span> <span class='ocrx_word' id='word_1_90' title='bbox 982 1149 1191 1195; x_wconf 83' lang='lat' dir='ltr'><strong>ostendit</strong></span> <span class='ocrx_word' id='word_1_91' title='bbox 1204 1149 1255 1194; x_wconf 89' lang='lat' dir='ltr'><strong>in</strong></span> <span class='ocrx_word' id='word_1_92' title='bbox 1270 1148 1444 1195; x_wconf 89' lang='lat' dir='ltr'><strong>Museo</strong></span> <span class='ocrx_word' id='word_1_93' title='bbox 1459 1151 1623 1197; x_wconf 86' lang='lat' dir='ltr'><strong>critico</strong></span> 
     </span>
     <span class='ocr_line' id='line_1_14' title="bbox 157 1222 1622 1288; baseline 0.002 -17"><span class='ocrx_word' id='word_1_94' title='bbox 157 1226 530 1287; x_wconf 85' lang='lat' dir='ltr'><strong>Cantabrigiensi</strong></span> <span class='ocrx_word' id='word_1_95' title='bbox 575 1225 667 1271; x_wconf 87' lang='lat' dir='ltr'><strong>vol.</strong></span> <span class='ocrx_word' id='word_1_96' title='bbox 710 1243 750 1274; x_wconf 86' lang='lat'><strong>2.</strong></span> <span class='ocrx_word' id='word_1_97' title='bbox 796 1242 843 1287; x_wconf 91' lang='lat' dir='ltr'><strong>p.</strong></span> <span class='ocrx_word' id='word_1_98' title='bbox 885 1222 1018 1283; x_wconf 87' lang='lat' dir='ltr'><strong>488d.</strong></span> <span class='ocrx_word' id='word_1_99' title='bbox 1089 1225 1164 1271; x_wconf 88' lang='lat' dir='ltr'><strong>De</strong></span> <span class='ocrx_word' id='word_1_100' title='bbox 1209 1226 1469 1273; x_wconf 88' lang='lat' dir='ltr'><strong>editoribus</strong></span> <span class='ocrx_word' id='word_1_101' title='bbox 1514 1234 1622 1288; x_wconf 91' lang='lat' dir='ltr'><strong>post</strong></span> 
     </span>
     <span class='ocr_line' id='line_1_15' title="bbox 158 1302 1624 1364; baseline 0.002 -16"><span class='ocrx_word' id='word_1_102' title='bbox 158 1302 423 1348; x_wconf 85' lang='lat' dir='ltr'><strong>Stanleium</strong></span> <span class='ocrx_word' id='word_1_103' title='bbox 462 1304 512 1348; x_wconf 92' lang='lat' dir='ltr'><strong>in</strong></span> <span class='ocrx_word' id='word_1_104' title='bbox 547 1302 637 1348; x_wconf 90' lang='lat' dir='ltr'><strong>hoc</strong></span> <span class='ocrx_word' id='word_1_105' title='bbox 671 1318 811 1364; x_wconf 91' lang='lat' dir='ltr'><strong>opere</strong></span> <span class='ocrx_word' id='word_1_106' title='bbox 846 1304 1040 1349; x_wconf 88' lang='lat' dir='ltr'><strong>versatis</strong></span> <span class='ocrx_word' id='word_1_107' title='bbox 1072 1303 1307 1364; x_wconf 90' lang='lat' dir='ltr'><strong>praecipua</strong></span> <span class='ocrx_word' id='word_1_108' title='bbox 1339 1319 1449 1350; x_wconf 89' lang='lat' dir='ltr'><strong>cum</strong></span> <span class='ocrx_word' id='word_1_109' title='bbox 1484 1304 1624 1352; x_wconf 91' lang='lat' dir='ltr'><strong>laude</strong></span> 
     </span>
     <span class='ocr_line' id='line_1_16' title="bbox 157 1379 1625 1441; baseline 0.003 -17"><span class='ocrx_word' id='word_1_110' title='bbox 157 1380 428 1425; x_wconf 91' lang='lat' dir='ltr'><strong>nominandi</strong></span> <span class='ocrx_word' id='word_1_111' title='bbox 462 1379 580 1425; x_wconf 89' lang='lat' dir='ltr'><strong>mihi</strong></span> <span class='ocrx_word' id='word_1_112' title='bbox 614 1385 724 1425; x_wconf 92' lang='lat' dir='ltr'><strong>sunt</strong></span> <span class='ocrx_word' id='word_1_113' title='bbox 759 1380 1006 1434; x_wconf 90' lang='lat' dir='ltr'><strong>Porsonus,</strong></span> <span class='ocrx_word' id='word_1_114' title='bbox 1042 1381 1123 1441; x_wconf 91' lang='lat' dir='ltr'><strong>qui</strong></span> <span class='ocrx_word' id='word_1_115' title='bbox 1157 1382 1206 1426; x_wconf 90' lang='lat' dir='ltr'><strong>in</strong></span> <span class='ocrx_word' id='word_1_116' title='bbox 1243 1381 1451 1428; x_wconf 91' lang='lat' dir='ltr'><strong>editione</strong></span> <span class='ocrx_word' id='word_1_117' title='bbox 1487 1381 1625 1429; x_wconf 85' lang='lat' dir='ltr'><strong>Glas-</strong></span> 
     </span>
     <span class='ocr_line' id='line_1_17' title="bbox 156 1457 1624 1519; baseline 0.003 -18"><span class='ocrx_word' id='word_1_118' title='bbox 156 1458 320 1518; x_wconf 86' lang='lat' dir='ltr'><strong>guensi</strong></span> <span class='ocrx_word' id='word_1_119' title='bbox 354 1471 395 1502; x_wconf 88' lang='lat' dir='ltr'><strong>a.</strong></span> <span class='ocrx_word' id='word_1_120' title='bbox 423 1470 547 1516; x_wconf 91' lang='lat'>1794.</span> <span class='ocrx_word' id='word_1_121' title='bbox 582 1472 677 1502; x_wconf 93' lang='lat' dir='ltr'><strong>non</strong></span> <span class='ocrx_word' id='word_1_122' title='bbox 715 1472 866 1518; x_wconf 82' lang='lat' dir='ltr'><strong>pauca</strong></span> <span class='ocrx_word' id='word_1_123' title='bbox 899 1457 1102 1519; x_wconf 78' lang='lat' dir='ltr'><strong>vulgatae</strong></span> <span class='ocrx_word' id='word_1_124' title='bbox 1141 1458 1357 1504; x_wconf 89' lang='lat' dir='ltr'><strong>lectionis</strong></span> <span class='ocrx_word' id='word_1_125' title='bbox 1397 1460 1514 1505; x_wconf 86' lang='lat' dir='ltr'><strong>vitia</strong></span> <span class='ocrx_word' id='word_1_126' title='bbox 1547 1461 1624 1506; x_wconf 90' lang='lat' dir='ltr'><strong>vel</strong></span> 
     </span>
     <span class='ocr_line' id='line_1_18' title="bbox 157 1533 1624 1598; baseline 0.003 -20"><span class='ocrx_word' id='word_1_127' title='bbox 157 1534 362 1579; x_wconf 87' lang='lat' dir='ltr'><strong>correxit</strong></span> <span class='ocrx_word' id='word_1_128' title='bbox 397 1533 473 1579; x_wconf 89' lang='lat' dir='ltr'><strong>vel</strong></span> <span class='ocrx_word' id='word_1_129' title='bbox 513 1533 650 1579; x_wconf 89' lang='lat' dir='ltr'><strong>obelo</strong></span> <span class='ocrx_word' id='word_1_130' title='bbox 691 1535 904 1595; x_wconf 86' lang='lat' dir='ltr'><strong>apposito</strong></span> <span class='ocrx_word' id='word_1_131' title='bbox 943 1536 1153 1589; x_wconf 82' lang='lat' dir='ltr'><strong>notavit3</strong></span> <span class='ocrx_word' id='word_1_132' title='bbox 1207 1534 1501 1591; x_wconf 86' lang='lat' dir='ltr'><strong>Schuetzius,</strong></span> <span class='ocrx_word' id='word_1_133' title='bbox 1543 1539 1624 1598; x_wconf 93' lang='lat' dir='ltr'><strong>qui</strong></span> 
     </span>
     <span class='ocr_line' id='line_1_19' title="bbox 158 1610 1626 1675; baseline 0.003 -20"><span class='ocrx_word' id='word_1_134' title='bbox 158 1611 257 1671; x_wconf 89' lang='lat' dir='ltr'><strong>ipse</strong></span> <span class='ocrx_word' id='word_1_135' title='bbox 279 1625 465 1670; x_wconf 91' lang='lat' dir='ltr'><strong>quoque</strong></span> <span class='ocrx_word' id='word_1_136' title='bbox 488 1610 715 1656; x_wconf 86' lang='lat' dir='ltr'><strong>nonnulla</strong></span> <span class='ocrx_word' id='word_1_137' title='bbox 738 1611 967 1672; x_wconf 81' lang='lat' dir='ltr'><strong>sagaciter</strong></span> <span class='ocrx_word' id='word_1_138' title='bbox 989 1612 1260 1657; x_wconf 83' lang='lat' dir='ltr'><strong>emendavit</strong></span> <span class='ocrx_word' id='word_1_139' title='bbox 1292 1618 1341 1658; x_wconf 89' lang='lat' dir='ltr'><strong>et</strong></span> <span class='ocrx_word' id='word_1_140' title='bbox 1373 1614 1431 1659; x_wconf 90' lang='lat' dir='ltr'><strong>ad</strong></span> <span class='ocrx_word' id='word_1_141' title='bbox 1464 1615 1626 1675; x_wconf 84' lang='lat' dir='ltr'><strong>expla-</strong></span> 
     </span>
     <span class='ocr_line' id='line_1_20' title="bbox 158 1688 1625 1752; baseline 0.004 -20"><span class='ocrx_word' id='word_1_142' title='bbox 158 1688 333 1733; x_wconf 86' lang='lat' dir='ltr'><strong>nandas</strong></span> <span class='ocrx_word' id='word_1_143' title='bbox 356 1693 512 1748; x_wconf 86' lang='lat' dir='ltr'><strong>poetae</strong></span> <span class='ocrx_word' id='word_1_144' title='bbox 535 1688 792 1734; x_wconf 88' lang='lat' dir='ltr'><strong>sententias</strong></span> <span class='ocrx_word' id='word_1_145' title='bbox 815 1688 952 1734; x_wconf 90' lang='lat' dir='ltr'><strong>utilia</strong></span> <span class='ocrx_word' id='word_1_146' title='bbox 973 1688 1127 1734; x_wconf 90' lang='lat' dir='ltr'><strong>multa</strong></span> <span class='ocrx_word' id='word_1_147' title='bbox 1156 1689 1385 1744; x_wconf 81' lang='lat' dir='ltr'><strong>contulit3</strong></span> <span class='ocrx_word' id='word_1_148' title='bbox 1421 1691 1625 1752; x_wconf 91' lang='lat' dir='ltr'><strong>denique</strong></span> 
     </span>
     <span class='ocr_line' id='line_1_21' title="bbox 160 1764 1623 1829; baseline 0.003 -20"><span class='ocrx_word' id='word_1_149' title='bbox 160 1764 479 1817; x_wconf 88' lang='lat' dir='ltr'><strong>Blomfieldus‚</strong></span> <span class='ocrx_word' id='word_1_150' title='bbox 522 1765 656 1824; x_wconf 90' lang='lat' dir='ltr'><strong>cujus</strong></span> <span class='ocrx_word' id='word_1_151' title='bbox 699 1779 889 1824; x_wconf 87' lang='lat' dir='ltr'><strong>operam</strong></span> <span class='ocrx_word' id='word_1_152' title='bbox 935 1765 1191 1810; x_wconf 90' lang='lat' dir='ltr'><strong>dolendum</strong></span> <span class='ocrx_word' id='word_1_153' title='bbox 1227 1772 1298 1811; x_wconf 90' lang='lat' dir='ltr'><strong>est</strong></span> <span class='ocrx_word' id='word_1_154' title='bbox 1332 1767 1382 1811; x_wconf 91' lang='lat' dir='ltr'><strong>in</strong></span> <span class='ocrx_word' id='word_1_155' title='bbox 1416 1769 1623 1829; x_wconf 88' lang='lat' dir='ltr'><strong>quinque</strong></span> 
     </span>
     <span class='ocr_line' id='line_1_22' title="bbox 160 1841 1625 1903; baseline 0.003 -17"><span class='ocrx_word' id='word_1_156' title='bbox 160 1842 422 1887; x_wconf 89' lang='lat' dir='ltr'><strong>substitisse</strong></span> <span class='ocrx_word' id='word_1_157' title='bbox 452 1841 637 1887; x_wconf 79' lang='lat' dir='ltr'><strong>fabulis.</strong></span> <span class='ocrx_word' id='word_1_158' title='bbox 707 1841 894 1886; x_wconf 88' lang='lat' dir='ltr'><strong>Horum</strong></span> <span class='ocrx_word' id='word_1_159' title='bbox 929 1841 1075 1902; x_wconf 87' lang='lat' dir='ltr'><strong>igitur</strong></span> <span class='ocrx_word' id='word_1_160' title='bbox 1103 1841 1395 1903; x_wconf 88' lang='lat' dir='ltr'><strong>aliorumque</strong></span> <span class='ocrx_word' id='word_1_161' title='bbox 1419 1845 1625 1891; x_wconf 87' lang='lat' dir='ltr'><strong>virorum</strong></span> 
     </span>
     <span class='ocr_line' id='line_1_23' title="bbox 160 1917 1626 1983; baseline 0.003 -20"><span class='ocrx_word' id='word_1_162' title='bbox 160 1919 406 1963; x_wconf 84' lang='lat' dir='ltr'><strong>doctorum</strong></span> <span class='ocrx_word' id='word_1_163' title='bbox 430 1918 596 1963; x_wconf 85' lang='lat' dir='ltr'><strong>studiis</strong></span> <span class='ocrx_word' id='word_1_164' title='bbox 621 1918 709 1963; x_wconf 87' lang='lat' dir='ltr'><strong>etsi</strong></span> <span class='ocrx_word' id='word_1_165' title='bbox 737 1917 891 1963; x_wconf 85' lang='lat' dir='ltr'><strong>multa</strong></span> <span class='ocrx_word' id='word_1_166' title='bbox 921 1924 971 1963; x_wconf 91' lang='lat' dir='ltr'><strong>et</strong></span> <span class='ocrx_word' id='word_1_167' title='bbox 1001 1919 1221 1979; x_wconf 78' lang='lat' dir='ltr'><strong>praeclara</strong></span> <span class='ocrx_word' id='word_1_168' title='bbox 1251 1921 1311 1966; x_wconf 86' lang='lat' dir='ltr'><strong>ad</strong></span> <span class='ocrx_word' id='word_1_169' title='bbox 1340 1921 1424 1966; x_wconf 90' lang='lat' dir='ltr'><strong>has</strong></span> <span class='ocrx_word' id='word_1_170' title='bbox 1455 1928 1626 1983; x_wconf 84' lang='lat' dir='ltr'><strong>tragoe-</strong></span> 
     </span>
     <span class='ocr_line' id='line_1_24' title="bbox 160 1996 1625 2060; baseline 0.004 -21"><span class='ocrx_word' id='word_1_171' title='bbox 160 1996 259 2040; x_wconf 86' lang='lat' dir='ltr'><strong>dias</strong></span> <span class='ocrx_word' id='word_1_172' title='bbox 298 2001 348 2040; x_wconf 92' lang='lat' dir='ltr'><strong>et</strong></span> <span class='ocrx_word' id='word_1_173' title='bbox 387 1996 702 2040; x_wconf 88' lang='lat' dir='ltr'><strong>emendandas</strong></span> <span class='ocrx_word' id='word_1_174' title='bbox 741 2002 790 2040; x_wconf 91' lang='lat' dir='ltr'><strong>et</strong></span> <span class='ocrx_word' id='word_1_175' title='bbox 833 1996 1133 2056; x_wconf 86' lang='lat' dir='ltr'><strong>explicandas</strong></span> <span class='ocrx_word' id='word_1_176' title='bbox 1170 2003 1279 2042; x_wconf 87' lang='lat' dir='ltr'><strong>sunt</strong></span> <span class='ocrx_word' id='word_1_177' title='bbox 1320 1997 1476 2052; x_wconf 88' lang='lat' dir='ltr'><strong>allata,</strong></span> <span class='ocrx_word' id='word_1_178' title='bbox 1519 2015 1625 2060; x_wconf 88' lang='lat' dir='ltr'><strong>quae</strong></span> 
     </span>
     <span class='ocr_line' id='line_1_25' title="bbox 161 2072 1629 2134; baseline 0.004 -18"><span class='ocrx_word' id='word_1_179' title='bbox 161 2072 461 2117; x_wconf 88' lang='lat' dir='ltr'><strong>commodum</strong></span> <span class='ocrx_word' id='word_1_180' title='bbox 495 2073 544 2117; x_wconf 92' lang='lat' dir='ltr'><strong>in</strong></span> <span class='ocrx_word' id='word_1_181' title='bbox 579 2072 791 2117; x_wconf 85' lang='lat' dir='ltr'><strong>ordinem</strong></span> <span class='ocrx_word' id='word_1_182' title='bbox 832 2073 1023 2118; x_wconf 84' lang='lat' dir='ltr'><strong>redacta</strong></span> <span class='ocrx_word' id='word_1_183' title='bbox 1058 2073 1393 2134; x_wconf 88' lang='lat' dir='ltr'><strong>inutiliumque</strong></span> <span class='ocrx_word' id='word_1_184' title='bbox 1433 2083 1629 2122; x_wconf 86' lang='lat' dir='ltr'><strong>annota-</strong></span> 
     </span>
     <span class='ocr_line' id='line_1_26' title="bbox 162 2148 1628 2206; baseline 0.003 -12"><span class='ocrx_word' id='word_1_185' title='bbox 162 2150 344 2194; x_wconf 88' lang='lat' dir='ltr'><strong>tionum</strong></span> <span class='ocrx_word' id='word_1_186' title='bbox 368 2148 493 2194; x_wconf 90' lang='lat' dir='ltr'><strong>mole</strong></span> <span class='ocrx_word' id='word_1_187' title='bbox 515 2148 714 2195; x_wconf 89' lang='lat' dir='ltr'><strong>liberata</strong></span> <span class='ocrx_word' id='word_1_188' title='bbox 736 2150 785 2194; x_wconf 89' lang='lat' dir='ltr'><strong>in</strong></span> <span class='ocrx_word' id='word_1_189' title='bbox 811 2151 1161 2196; x_wconf 87' lang='lat' dir='ltr'><strong>commentariis</strong></span> <span class='ocrx_word' id='word_1_190' title='bbox 1194 2151 1508 2206; x_wconf 86' lang='lat' dir='ltr'><strong>exhibuimus,</strong></span> <span class='ocrx_word' id='word_1_191' title='bbox 1533 2170 1628 2199; x_wconf 90' lang='lat' dir='ltr'><strong>non</strong></span> 
     </span>
    </p>
   </div>
   <div class='ocr_carea' id='block_1_3' title="bbox 162 2242 1631 3004">
    <p class='ocr_par' dir='ltr' id='par_1_4' title="bbox 162 2242 1631 3004">
     <span class='ocr_line' id='line_1_27' title="bbox 214 2242 1627 2295; baseline 0.001 -17"><span class='ocrx_word' id='word_1_192' title='bbox 214 2242 231 2266; x_wconf 77' lang='lat'><strong>‘¹</strong></span> <span class='ocrx_word' id='word_1_193' title='bbox 260 2242 502 2292; x_wconf 82' lang='lat' dir='ltr'><strong>Conjecturae</strong></span> <span class='ocrx_word' id='word_1_194' title='bbox 531 2242 685 2286; x_wconf 85' lang='lat' dir='ltr'><strong>Aurati‚</strong></span> <span class='ocrx_word' id='word_1_195' title='bbox 718 2242 901 2285; x_wconf 82' lang='lat' dir='ltr'><strong>Bentleii,</strong></span> <span class='ocrx_word' id='word_1_196' title='bbox 936 2243 989 2280; x_wconf 86' lang='lat' dir='ltr'><strong>Is.</strong></span> <span class='ocrx_word' id='word_1_197' title='bbox 1018 2242 1235 2280; x_wconf 86' lang='lat' dir='ltr'><strong>Casauboni</strong></span> <span class='ocrx_word' id='word_1_198' title='bbox 1270 2244 1335 2287; x_wconf 84' lang='lat' dir='ltr'><strong>(ad</strong></span> <span class='ocrx_word' id='word_1_199' title='bbox 1363 2244 1627 2295; x_wconf 80' lang='lat' dir='ltr'><strong>Agamemno-</strong></span> 
     </span>
     <span class='ocr_line' id='line_1_28' title="bbox 162 2306 1627 2358; baseline 0.002 -15"><span class='ocrx_word' id='word_1_200' title='bbox 162 2321 274 2345; x_wconf 88' lang='lat' dir='ltr'><strong>nem:</strong></span> <span class='ocrx_word' id='word_1_201' title='bbox 318 2320 353 2343; x_wconf 71' lang='lat' dir='ltr'><strong>V.</strong></span> <span class='ocrx_word' id='word_1_202' title='bbox 376 2306 499 2344; x_wconf 89' lang='lat' dir='ltr'><strong>Catal.</strong></span> <span class='ocrx_word' id='word_1_203' title='bbox 523 2306 624 2343; x_wconf 85' lang='lat' dir='ltr'><strong>Bibl.</strong></span> <span class='ocrx_word' id='word_1_204' title='bbox 646 2307 760 2357; x_wconf 79' lang='lat' dir='ltr'><strong>regiae</strong></span> <span class='ocrx_word' id='word_1_205' title='bbox 782 2307 902 2344; x_wconf 84' lang='lat' dir='ltr'><strong>Paris.</strong></span> <span class='ocrx_word' id='word_1_206' title='bbox 923 2306 998 2344; x_wconf 90' lang='lat' dir='ltr'><strong>vol.</strong></span> <span class='ocrx_word' id='word_1_207' title='bbox 1023 2319 1058 2343; x_wconf 85' lang='lat'><strong>2.</strong></span> <span class='ocrx_word' id='word_1_208' title='bbox 1087 2321 1126 2358; x_wconf 90' lang='lat' dir='ltr'><strong>p.</strong></span> <span class='ocrx_word' id='word_1_209' title='bbox 1149 2310 1273 2356; x_wconf 85' lang='lat'>553.)‚</span> <span class='ocrx_word' id='word_1_210' title='bbox 1295 2308 1458 2346; x_wconf 85' lang='lat' dir='ltr'><strong>Henrici</strong></span> <span class='ocrx_word' id='word_1_211' title='bbox 1478 2309 1627 2354; x_wconf 70' lang='lat' dir='ltr'><strong>Jncobi,</strong></span> 
     </span>
     <span class='ocr_line' id='line_1_29' title="bbox 162 2370 1627 2423; baseline 0.003 -15"><span class='ocrx_word' id='word_1_212' title='bbox 162 2371 311 2422; x_wconf 84' lang='lat' dir='ltr'><strong>collegii</strong></span> <span class='ocrx_word' id='word_1_213' title='bbox 334 2371 595 2408; x_wconf 74' lang='lat' dir='ltr'><strong>Mer-tonensis</strong></span> <span class='ocrx_word' id='word_1_214' title='bbox 621 2370 713 2407; x_wconf 87' lang='lat' dir='ltr'><strong>olim</strong></span> <span class='ocrx_word' id='word_1_215' title='bbox 740 2371 846 2414; x_wconf 87' lang='lat' dir='ltr'><strong>socii,</strong></span> <span class='ocrx_word' id='word_1_216' title='bbox 869 2371 1066 2413; x_wconf 85' lang='lat' dir='ltr'><strong>Pearsoni,</strong></span> <span class='ocrx_word' id='word_1_217' title='bbox 1087 2372 1257 2423; x_wconf 87' lang='lat' dir='ltr'><strong>episcopi</strong></span> <span class='ocrx_word' id='word_1_218' title='bbox 1279 2373 1522 2417; x_wconf 84' lang='lat' dir='ltr'><strong>Cestriensis,</strong></span> <span class='ocrx_word' id='word_1_219' title='bbox 1544 2375 1569 2411; x_wconf 86' lang='lat' dir='ltr'><em>J</em></span> <span class='ocrx_word' id='word_1_220' title='bbox 1573 2389 1627 2413; x_wconf 86' lang='lat' dir='ltr'><strong>os.</strong></span> 
     </span>
     <span class='ocr_line' id='line_1_30' title="bbox 164 2434 1629 2489; baseline 0.002 -16"><span class='ocrx_word' id='word_1_221' title='bbox 164 2435 360 2485; x_wconf 82' lang='lat' dir='ltr'><strong>Scaligeri,</strong></span> <span class='ocrx_word' id='word_1_222' title='bbox 392 2435 442 2471; x_wconf 90' lang='lat' dir='ltr'><strong>Is.</strong></span> <span class='ocrx_word' id='word_1_223' title='bbox 470 2434 600 2472; x_wconf 86' lang='lat' dir='ltr'><strong>Vossii</strong></span> <span class='ocrx_word' id='word_1_224' title='bbox 631 2434 868 2485; x_wconf 84' lang='lat' dir='ltr'><strong>aliorumque</strong></span> <span class='ocrx_word' id='word_1_225' title='bbox 897 2435 1110 2472; x_wconf 87' lang='lat' dir='ltr'><strong>editionum</strong></span> <span class='ocrx_word' id='word_1_226' title='bbox 1138 2444 1311 2474; x_wconf 88' lang='lat' dir='ltr'><strong>veterum</strong></span> <span class='ocrx_word' id='word_1_227' title='bbox 1346 2438 1629 2489; x_wconf 87' lang='lat' dir='ltr'><strong>exemplaribus</strong></span> 
     </span>
     <span class='ocr_line' id='line_1_31' title="bbox 163 2499 1629 2551; baseline 0.001 -15"><span class='ocrx_word' id='word_1_228' title='bbox 163 2499 390 2550; x_wconf 79' lang='lat' dir='ltr'><strong>quibusdam</strong></span> <span class='ocrx_word' id='word_1_229' title='bbox 428 2507 518 2536; x_wconf 89' lang='lat' dir='ltr'><strong>sunt</strong></span> <span class='ocrx_word' id='word_1_230' title='bbox 547 2499 760 2551; x_wconf 60' lang='lat' dir='ltr'><strong>adscriptae,</strong></span> <span class='ocrx_word' id='word_1_231' title='bbox 794 2514 958 2550; x_wconf 88' lang='lat' dir='ltr'><strong>quorum</strong></span> <span class='ocrx_word' id='word_1_232' title='bbox 992 2501 1066 2538; x_wconf 87' lang='lat' dir='ltr'><strong>alia</strong></span> <span class='ocrx_word' id='word_1_233' title='bbox 1103 2501 1143 2538; x_wconf 86' lang='lat' dir='ltr'><strong>in</strong></span> <span class='ocrx_word' id='word_1_234' title='bbox 1184 2502 1435 2540; x_wconf 82' lang='lat' dir='ltr'><strong>bibliothecas</strong></span> <span class='ocrx_word' id='word_1_235' title='bbox 1470 2503 1629 2541; x_wconf 80' lang='lat' dir='ltr'><strong>Britan-</strong></span> 
     </span>
     <span class='ocr_line' id='line_1_32' title="bbox 164 2563 1629 2619; baseline 0.003 -17"><span class='ocrx_word' id='word_1_236' title='bbox 164 2565 280 2606; x_wconf 76' lang='lat' dir='ltr'><strong>meas,</strong></span> <span class='ocrx_word' id='word_1_237' title='bbox 300 2563 374 2601; x_wconf 82' lang='lat' dir='ltr'><strong>alia</strong></span> <span class='ocrx_word' id='word_1_238' title='bbox 392 2564 432 2600; x_wconf 88' lang='lat' dir='ltr'><strong>in</strong></span> <span class='ocrx_word' id='word_1_239' title='bbox 452 2563 681 2602; x_wconf 87' lang='lat' dir='ltr'><strong>Leidensem</strong></span> <span class='ocrx_word' id='word_1_240' title='bbox 707 2573 747 2603; x_wconf 88' lang='lat' dir='ltr'><strong>et</strong></span> <span class='ocrx_word' id='word_1_241' title='bbox 767 2565 979 2603; x_wconf 88' lang='lat' dir='ltr'><strong>Parisinam</strong></span> <span class='ocrx_word' id='word_1_242' title='bbox 1007 2567 1266 2604; x_wconf 89' lang='lat' dir='ltr'><strong>transierunt:</strong></span> <span class='ocrx_word' id='word_1_243' title='bbox 1299 2567 1346 2605; x_wconf 90' lang='lat' dir='ltr'><strong>de</strong></span> <span class='ocrx_word' id='word_1_244' title='bbox 1375 2568 1515 2617; x_wconf 91' lang='lat' dir='ltr'><strong>quibus</strong></span> <span class='ocrx_word' id='word_1_245' title='bbox 1543 2582 1629 2619; x_wconf 83' lang='lat' dir='ltr'><strong>quae</strong></span> 
     </span>
     <span class='ocr_line' id='line_1_33' title="bbox 165 2628 1630 2683; baseline 0.003 -17"><span class='ocrx_word' id='word_1_246' title='bbox 165 2629 344 2666; x_wconf 82' lang='lat' dir='ltr'><strong>dixerunt</strong></span> <span class='ocrx_word' id='word_1_247' title='bbox 385 2628 638 2666; x_wconf 85' lang='lat' dir='ltr'><strong>Blomfieldus</strong></span> <span class='ocrx_word' id='word_1_248' title='bbox 667 2629 695 2666; x_wconf 91' lang='lat' dir='ltr'><strong>l.</strong></span> <span class='ocrx_word' id='word_1_249' title='bbox 727 2643 773 2672; x_wconf 91' lang='lat' dir='ltr'><strong>c.,</strong></span> <span class='ocrx_word' id='word_1_250' title='bbox 806 2630 846 2667; x_wconf 88' lang='lat' dir='ltr'><strong>in</strong></span> <span class='ocrx_word' id='word_1_251' title='bbox 879 2631 1027 2681; x_wconf 83' lang='lat' dir='ltr'><strong>praefat.</strong></span> <span class='ocrx_word' id='word_1_252' title='bbox 1059 2631 1107 2668; x_wconf 87' lang='lat' dir='ltr'><strong>ad</strong></span> <span class='ocrx_word' id='word_1_253' title='bbox 1141 2632 1404 2683; x_wconf 84' lang='lat' dir='ltr'><strong>Choephoros,</strong></span> <span class='ocrx_word' id='word_1_254' title='bbox 1442 2633 1630 2671; x_wconf 87' lang='lat' dir='ltr'><strong>Butlerus</strong></span> 
     </span>
     <span class='ocr_line' id='line_1_34' title="bbox 166 2692 1630 2749; baseline 0.004 -20"><span class='ocrx_word' id='word_1_255' title='bbox 166 2693 242 2730; x_wconf 89' lang='lat' dir='ltr'><strong>vol.</strong></span> <span class='ocrx_word' id='word_1_256' title='bbox 269 2695 303 2730; x_wconf 83' lang='lat'><strong>8.</strong></span> <span class='ocrx_word' id='word_1_257' title='bbox 333 2707 371 2744; x_wconf 88' lang='lat' dir='ltr'><strong>p.</strong></span> <span class='ocrx_word' id='word_1_258' title='bbox 397 2692 662 2736; x_wconf 83' lang='lat' dir='ltr'><strong>xxix—xxxiii,</strong></span> <span class='ocrx_word' id='word_1_259' title='bbox 694 2695 835 2745; x_wconf 84' lang='lat' dir='ltr'><strong>Georg.</strong></span> <span class='ocrx_word' id='word_1_260' title='bbox 866 2696 1079 2746; x_wconf 83' lang='lat' dir='ltr'><strong>Burgesius</strong></span> <span class='ocrx_word' id='word_1_261' title='bbox 1111 2696 1150 2732; x_wconf 90' lang='lat' dir='ltr'><strong>in</strong></span> <span class='ocrx_word' id='word_1_262' title='bbox 1181 2704 1311 2733; x_wconf 89' lang='lat' dir='ltr'><strong>annot.</strong></span> <span class='ocrx_word' id='word_1_263' title='bbox 1344 2697 1392 2734; x_wconf 89' lang='lat' dir='ltr'><strong>ad</strong></span> <span class='ocrx_word' id='word_1_264' title='bbox 1425 2697 1630 2749; x_wconf 87' lang='lat' dir='ltr'><strong>Supplices</strong></span> 
     </span>
     <span class='ocr_line' id='line_1_35' title="bbox 166 2759 1631 2811; baseline 0.004 -18"><span class='ocrx_word' id='word_1_265' title='bbox 166 2773 206 2809; x_wconf 80' lang='lat' dir='ltr'><strong>p.</strong></span> <span class='ocrx_word' id='word_1_266' title='bbox 241 2769 414 2806; x_wconf 82' lang='lat'><strong>44—53.</strong></span> <span class='ocrx_word' id='word_1_267' title='bbox 446 2771 516 2794; x_wconf 91' lang='lat' dir='ltr'><strong>nos</strong></span> <span class='ocrx_word' id='word_1_268' title='bbox 548 2765 723 2808; x_wconf 88' lang='lat' dir='ltr'><strong>repetere</strong></span> <span class='ocrx_word' id='word_1_269' title='bbox 754 2759 1059 2810; x_wconf 80' lang='lat' dir='ltr'><strong>supersedemus.</strong></span> <span class='ocrx_word' id='word_1_270' title='bbox 1118 2760 1329 2811; x_wconf 85' lang='lat' dir='ltr'><strong>Tyrwhitti</strong></span> <span class='ocrx_word' id='word_1_271' title='bbox 1361 2763 1631 2807; x_wconf 82' lang='lat' dir='ltr'><strong>annotationes</strong></span> 
     </span>
     <span class='ocr_line' id='line_1_36' title="bbox 168 2821 1629 2877; baseline 0.003 -17"><span class='ocrx_word' id='word_1_272' title='bbox 168 2824 303 2860; x_wconf 80' lang='lat' dir='ltr'><strong>breves</strong></span> <span class='ocrx_word' id='word_1_273' title='bbox 322 2823 369 2859; x_wconf 87' lang='lat' dir='ltr'><strong>ab</strong></span> <span class='ocrx_word' id='word_1_274' title='bbox 390 2821 572 2859; x_wconf 83' lang='lat' dir='ltr'><strong>Elmsleio</strong></span> <span class='ocrx_word' id='word_1_275' title='bbox 592 2822 704 2860; x_wconf 88' lang='lat' dir='ltr'><strong>editae</strong></span> <span class='ocrx_word' id='word_1_276' title='bbox 725 2830 816 2860; x_wconf 91' lang='lat' dir='ltr'><strong>sunt</strong></span> <span class='ocrx_word' id='word_1_277' title='bbox 836 2823 981 2861; x_wconf 86' lang='lat' dir='ltr'><strong>Oxonii</strong></span> <span class='ocrx_word' id='word_1_278' title='bbox 1001 2838 1034 2861; x_wconf 90' lang='lat' dir='ltr'><strong>a.</strong></span> <span class='ocrx_word' id='word_1_279' title='bbox 1055 2825 1169 2862; x_wconf 88' lang='lat'>1822.</span> <span class='ocrx_word' id='word_1_280' title='bbox 1230 2825 1288 2861; x_wconf 86' lang='lat' dir='ltr'><strong>Ex</strong></span> <span class='ocrx_word' id='word_1_281' title='bbox 1321 2825 1629 2877; x_wconf 87' lang='lat' dir='ltr'><strong>Spanhemianis‚</strong></span> 
     </span>
     <span class='ocr_line' id='line_1_37' title="bbox 168 2885 1630 2938; baseline 0.004 -15"><span class='ocrx_word' id='word_1_282' title='bbox 168 2900 254 2938; x_wconf 85' lang='lat' dir='ltr'><strong>quae</strong></span> <span class='ocrx_word' id='word_1_283' title='bbox 287 2899 373 2923; x_wconf 90' lang='lat' dir='ltr'><strong>cum</strong></span> <span class='ocrx_word' id='word_1_284' title='bbox 404 2885 551 2935; x_wconf 81' lang='lat' dir='ltr'><strong>reliqua</strong></span> <span class='ocrx_word' id='word_1_285' title='bbox 583 2885 806 2936; x_wconf 86' lang='lat' dir='ltr'><strong>Spanhemii</strong></span> <span class='ocrx_word' id='word_1_286' title='bbox 841 2887 1080 2937; x_wconf 85' lang='lat' dir='ltr'><strong>supellectile</strong></span> <span class='ocrx_word' id='word_1_287' title='bbox 1114 2888 1283 2926; x_wconf 82' lang='lat' dir='ltr'><strong>literaria</strong></span> <span class='ocrx_word' id='word_1_288' title='bbox 1321 2890 1360 2926; x_wconf 86' lang='lat' dir='ltr'><strong>in</strong></span> <span class='ocrx_word' id='word_1_289' title='bbox 1398 2890 1630 2929; x_wconf 81' lang='lat' dir='ltr'><strong>bibliotheca</strong></span> 
     </span>
     <span class='ocr_line' id='line_1_38' title="bbox 170 2950 1479 3004; baseline 0.002 -14"><span class='ocrx_word' id='word_1_290' title='bbox 170 2954 272 3003; x_wconf 77' lang='lat' dir='ltr'><strong>regia</strong></span> <span class='ocrx_word' id='word_1_291' title='bbox 296 2950 537 2990; x_wconf 89' lang='lat' dir='ltr'><strong>Berolinensi</strong></span> <span class='ocrx_word' id='word_1_292' title='bbox 558 2959 815 2995; x_wconf 83' lang='lat' dir='ltr'><strong>asservantur,</strong></span> <span class='ocrx_word' id='word_1_293' title='bbox 838 2952 1023 2990; x_wconf 84' lang='lat' dir='ltr'><strong>nonnulla</strong></span> <span class='ocrx_word' id='word_1_294' title='bbox 1044 2953 1214 3004; x_wconf 86' lang='lat' dir='ltr'><strong>prodidit</strong></span> <span class='ocrx_word' id='word_1_295' title='bbox 1237 2953 1479 2992; x_wconf 83' lang='lat' dir='ltr'><strong>Schuetzius.</strong></span> 
     </span>
    </p>
   </div>
  </div>
 </body>
</html>
