1898 3256
334 228 391 268 38
809 229 1302 270 ANNOTATIONES

333 337 493 392 busque
512 352 563 377 ex
583 337 658 378 hac
677 338 718 378 in
738 337 849 378 illam
869 348 1042 393 partem.
1101 338 1320 388 Lucianus,
1339 338 1413 393 qui
1443 346 1627 379 nostrum
1647 339 1772 395 respi-

332 402 401 452 cit,
422 403 494 452 ait,
517 405 613 444 κατὰ
631 403 756 454 μέσον
775 404 941 444 ἐνταῦθά
961 421 1035 445 που
1052 405 1149 456 ὑπὲρ
1169 407 1235 455 τῆς
1258 404 1463 456 φάραγγος
1481 405 1767 456 ἀνεσταυρώθη,

334 470 583 512 ἐκπετασθεὶς
604 471 655 510 τὼ
676 474 786 523 χεῖρε
807 470 883 511 ἀπὸ
898 471 1050 510 τουτουὶ
1068 470 1165 522 πρὸς
1185 471 1227 510 τὸ
1244 471 1439 519 ἐναντίον,
1461 469 1542 510 vol.
1563 482 1600 520 1,
1614 484 1657 525 p.
1678 470 1769 510 186.

334 535 560 576 BLOMF.

389 602 596 655 κίρκωσον]
631 603 819 654 κρίκωσον
853 601 964 642 Rob.
1000 611 1041 642 et
1067 600 1186 642 codd.
1221 602 1422 658 plerique,
1450 602 1660 658 vulgarem
1690 603 1771 643 for-

330 682 437 707 mam
467 668 607 708 rariori
637 668 942 710 substituentes.
990 669 1124 720 Κίρκοι
1146 683 1219 723 pro
1240 669 1360 720 κρίκοι
1379 668 1536 709 dictum
1557 668 1770 709 annotavit

331 733 566 788 Hesychius
586 743 625 774 et
644 733 795 786 ῥήξασα
821 735 970 785 κίρκους
997 749 1046 774 ex
1080 734 1280 789 Sophocle
1308 734 1447 775 attulit
1475 734 1767 790 grammaticus

331 798 371 838 in
396 800 578 840 Crameri
599 799 758 840 Anecd.
782 799 861 840 vol.
884 812 919 840 1.
942 815 982 855 p.
1003 812 1099 854 223,
1122 814 1162 853 9.

388 874 454 918 75.
475 865 601 920 πόνῳ]
623 867 751 919 χρόνῳ
772 865 879 905 Rob.
901 880 994 905 cum
1016 865 1147 906 tribus
1166 875 1413 920 quattuorve
1432 866 1651 907 codicibus.

388 932 452 982 76.
486 933 683 982 διατόρους
712 930 831 972 πέδας
862 930 985 970 fuisse
1019 931 1091 985 qui
1125 931 1284 985 passiva
1315 931 1605 986 significatione
1639 932 1768 973 dictas

327 995 555 1050 acciperent
574 1010 623 1035 ex
645 995 905 1035 annotatione
925 996 1152 1036 scholiastae
1170 995 1440 1050 cognoscitur,
1460 997 1532 1052 qui
1553 1007 1661 1038 recte
1681 998 1767 1053 ipse

327 1060 621 1116 interpretatur
641 1064 708 1103 τὰς
727 1062 999 1113 διαπειρούσας
1019 1063 1081 1102 καὶ
1100 1064 1398 1113 τιτρωσκούσας.

385 1127 522 1181 πέδας]
546 1129 667 1170 πόδας
688 1127 798 1168 Rob.
821 1138 861 1168 et
881 1128 1007 1168 codex
1031 1128 1148 1183 Lips.
1180 1128 1353 1168 Lucian.
1373 1128 1414 1168 in
1436 1129 1646 1170 Prometh.
1667 1145 1701 1170 c.
1727 1143 1765 1171 2.

330 1194 381 1234 σὺ
400 1195 455 1242 δὲ,
479 1193 508 1234 ὦ
523 1192 742 1246 ’Ἠφαιστε,
767 1195 970 1235 κατάκλειε
1000 1195 1062 1235 καὶ
1081 1193 1282 1246 προσήλου
1304 1195 1366 1234 καὶ
1385 1194 1455 1245 τὴν
1475 1198 1631 1247 σφῦραν
1652 1198 1766 1248 ἐρρω-

328 1259 453 1309 μένως
474 1260 680 1312 κατάφερε.

387 1327 452 1378 78.
474 1326 673 1379 γηρύεται]
697 1327 880 1378 γαρύεται
899 1325 1018 1366 codd.
1039 1333 1121 1366 tres
1140 1341 1268 1381 pravo
1287 1326 1479 1366 dorismo.

387 1393 453 1432 80.
488 1392 720 1445 τραχύτητα]
755 1393 974 1443 θρασύτητα
1001 1391 1121 1432 codd.
1152 1406 1221 1432 sex
1256 1400 1298 1432 et
1328 1392 1579 1433 Eumathius
1605 1408 1645 1448 p.
1670 1406 1763 1448 225.

329 1459 526 1510 βαρύτητα
547 1458 688 1498 Guelf.

387 1524 452 1578 83.
490 1523 711 1578 προστίθει]
747 1523 940 1564 Dubitari
978 1533 1112 1579 potest
1144 1539 1279 1564 annon
1317 1526 1506 1577 προσ-τίθη
1540 1525 1678 1580 potius
1712 1526 1764 1567 sit

329 1589 603 1630 scribendum.
633 1590 816 1644 Etymol.
842 1591 907 1630 M.
926 1605 968 1645 p.
987 1590 1084 1643 478,
1111 1604 1173 1630 10.
1205 1592 1302 1631 οὕτω
1333 1592 1395 1632 καὶ
1425 1593 1462 1631 οἱ
1489 1590 1671 1640 Ἀττικοὶ,
1693 1594 1763 1633 ἐὰν

328 1657 379 1707 μὴ
408 1655 630 1709 χρήσωνται
660 1658 712 1710 τῷ
742 1659 779 1696 θι
814 1656 1034 1706 καταλήξει,
1063 1660 1233 1709 χρῶνται
1265 1661 1346 1699 τοῖς
1376 1659 1514 1709 τρίτοις
1543 1659 1763 1709 προσώποις

326 1727 402 1763 τῶν
417 1726 685 1774 παρατατικῶν
706 1723 749 1762 ἐν
769 1726 848 1764 τοῖς
867 1726 1171 1774 προστακτικοῖς·
1189 1723 1286 1769 οἷον,
1314 1724 1458 1773 ἐτίθην,
1480 1724 1617 1774 ἐτίθης,
1639 1725 1759 1775 ἐτίθη,

326 1790 422 1839 τίθη.
454 1789 682 1828 BLOMF.

384 1857 450 1906 84.
471 1855 732 1908 ἀπαντλῆσαι]
758 1854 981 1904 ἀπαλλάξαι
1000 1854 1118 1895 codd.
1140 1863 1233 1895 tres,

384 1922 450 1961 86.
474 1922 723 1961 Communes
744 1920 881 1961 Graeci
901 1920 1055 1970 dixere,
1075 1924 1137 1961 δεῖ
1154 1938 1219 1961 σοι
1237 1923 1362 1961 τοῦδε·
1393 1920 1563 1975 primus,
1580 1930 1627 1961 ut
1645 1920 1759 1975 equi-

325 1987 417 2027 dem
448 1986 636 2034 arbitror,
667 1986 832 2026 novavit
863 1986 1085 2041 AEschylus
1115 1988 1252 2028 Prom.
1276 1988 1344 2027 86.
1377 1987 1493 2028 αὐτὸν
1521 1987 1595 2039 γάρ
1625 2003 1673 2027 σε
1702 1990 1764 2028 δεῖ

324 2052 571 2104 Προμηθέως.
620 2053 732 2092 Eum
763 2051 889 2092 secuti
917 2062 1013 2092 sunt
1042 2051 1265 2107 Euripides
1292 2053 1398 2093 Hec.
1433 2062 1553 2105 1007.
1585 2054 1752 2105 (1021.)

326 2118 525 2159 Phoeniss.
546 2118 645 2168 480.
680 2118 817 2171 (484.)
850 2117 1024 2173 Hippoi.
1051 2131 1117 2172 23.
1147 2117 1325 2173 locisque
1354 2118 1410 2159 ibi
1437 2134 1462 2159 a
1484 2118 1759 2160 Valckenaerio

323 2184 522 2232 indicatis,
546 2185 636 2224 Ion.
661 2194 782 2238 1037.
815 2185 939 2224 Herc.
963 2184 1014 2223 F.
1040 2194 1160 2238 ¹173·
1190 2185 1352 2224 Auctor
1381 2185 1507 2225 Rhesi
1532 2186 1625 2237 840.
1677 2187 1758 2226 Co-

323 2250 454 2291 micus
481 2250 645 2304 ignotus
674 2249 786 2304 apud
817 2249 1101 2290 Herodianum
1136 2250 1317 2290 Piersoni
1344 2266 1383 2305 p.
1404 2264 1503 2304 450.
1525 2252 1758 2304 εὐρυχωρίας

325 2334 372 2358 σε
393 2321 461 2358 δεῖ.
513 2317 606 2356 Non
628 2315 711 2355 sine
733 2315 864 2370 specie
884 2315 988 2356 hanc
1013 2315 1229 2356 formulam
1260 2316 1377 2357 reddi
1398 2317 1526 2358 voluit
1546 2317 1758 2358 Marklan-

324 2383 402 2424 dus
433 2382 530 2438 Iph.
563 2384 618 2422 A.
656 2393 775 2435 1137.
807 2381 876 2422 sed
906 2381 1123 2422 certissime
1150 2382 1326 2423 restituit
1358 2382 1626 2437 Musgravius
1657 2383 1755 2425 Hel.

328 2463 448 2502 1444.
467 2464 544 2504 pro
564 2452 629 2499 τῆς
646 2450 764 2500 τύχης
784 2452 955 2488 ΜΕΛΕΙ
975 2450 1109 2499 μόνον.
1150 2450 1401 2489 PORSON.
1423 2449 1477 2489 ad
1497 2449 1599 2489 Eur.
1621 2451 1756 2490 Orest.

324 2518 420 2571 659.
451 2514 604 2556 Citavit
624 2514 817 2555 Eustath.
841 2529 881 2568 p.
904 2525 1024 2567 1497,
1041 2527 1110 2564 42.

379 2583 443 2635 87.
474 2582 606 2634 τύχης]
629 2579 770 2634 τέχνης
795 2579 916 2621 Med.
937 2594 1031 2620 cum
1051 2580 1282 2635 quindecim
1305 2580 1517 2621 minimum
1539 2581 1627 2623 aliis
1645 2582 1754 2623 codi-

322 2649 438 2689 cibus
456 2658 497 2688 et
517 2647 619 2688 Ald.
639 2648 756 2699 τύχης
776 2645 895 2686 ceteri
917 2655 957 2686 et
978 2646 1088 2686 Rob.

380 2715 447 2755 88.
468 2716 561 2768 δῖος]
587 2714 666 2756 διὸς
683 2712 786 2753 Ald.
808 2712 919 2752 Rob.
940 2720 979 2752 et
1000 2711 1120 2752 codd.
1142 2712 1275 2767 pauci.

375 2781 552 2832 88-91.
593 2778 864 2819 Enumeratio
901 2793 952 2818 ex
993 2779 1179 2818 Homero
1217 2777 1461 2818 adumbrata
1499 2777 1550 2818 Il.
1586 2781 1629 2819 Γ.
1662 2788 1754 2831 277.

320 2846 481 2887 Ἠέλιός
501 2844 548 2891 θ’,
571 2844 613 2887 ὃς
632 2844 742 2885 πάντ’
766 2845 913 2897 ἐφορᾷς
940 2844 1002 2884 καὶ
1027 2843 1142 2884 πάντ’
1161 2844 1374 2893 ἐπακούεις,
1396 2844 1472 2884 Καὶ
1493 2843 1668 2894 ποταμοὶ,
1692 2844 1753 2884 καὶ

320 2916 427 2963 γαῖα.
474 2909 683 2950 Lucianus
701 2923 742 2963 3.
775 2909 804 2949 ὦ
837 2910 974 2960 Κρόνε,
1003 2910 1066 2949 καὶ
1094 2907 1258 2955 Ἰαπετὲ,
1281 2909 1343 2949 καὶ
1372 2909 1433 2955 σὺ,
1457 2912 1511 2959 Γῆ
1538 2912 1668 2960 μῆτερ,
1691 2910 1754 2950 οἷα
