1898 3256
336 211 393 249 34
806 209 1300 249 ANNOTATIONES

339 325 551 379 Aristoph.
583 324 764 364 Acharn.
789 334 882 375 704.
915 324 1026 363 Plut.
1049 324 1159 363 Mor.
1189 337 1230 377 p.
1255 334 1374 376 1043.
1407 320 1600 362 Proverb.
1618 322 1713 361 Vat.
1728 333 1770 374 3,

337 403 404 445 39.
430 390 671 445 [Bodleiana
687 405 754 445 ap.
772 389 977 431 Gaisford.
1000 404 1040 444 p.
1064 390 1174 443 103.]
1196 388 1387 429 Curtium
1405 400 1445 440 7,
1459 401 1528 442 33.
1552 387 1768 427 STANL.

393 470 432 510 3.
469 457 843 511 Interpunctionem
879 456 921 496 in
956 455 1200 496 editionibus
1234 453 1534 508 antiquioribus
1567 467 1648 492 non
1682 462 1773 507 post

339 524 511 575 ἐρημίαν,
533 523 602 563 sed
623 532 714 578 post
726 521 930 575 “Ηφαιστε
949 521 1119 576 positam
1141 520 1315 561 correxit
1338 519 1582 575 Stephanus.

395 589 622 643 ἐπιστολάς]
657 590 737 629 Per
764 587 925 630 ἐντολάς
949 597 990 627 et
1019 586 1203 639 ἐπιταγάς
1229 601 1278 626 ex
1307 586 1348 626 h.
1377 585 1402 626 l.
1434 585 1610 640 explicat
1638 586 1773 640 Hesy-

337 652 452 693 chius
472 663 511 694 et
530 654 627 694 citat
647 653 892 694 Eustathius
922 668 962 708 p.
987 665 1053 706 29,
1079 662 1141 706 15.
1176 652 1326 692 Vitiose
1348 651 1446 692 Ald.
1468 659 1509 692 et
1536 666 1629 705 pars
1658 650 1768 690 codi-

337 734 430 760 cum
453 720 644 762 ἐπιτολάς.
673 720 910 760 Ἐπιστολᾶς
929 718 1045 758 metri
1063 733 1204 758 caussa
1223 733 1298 773 pro
1315 717 1495 760 ἐπιτολάς
1514 717 1668 758 dictum
1688 731 1773 757 esse

339 785 516 826 Thomae
547 787 612 826 M.
640 795 916 826 commentum
947 792 1007 824 est
1042 799 1072 824 s.
1099 799 1135 823 v.
1170 783 1422 834 ἐνετειλάμην
1457 799 1495 838 p.
1523 795 1615 833 121,
1642 785 1679 823 6.
1707 782 1772 823 ed.

340 851 500 892 Ritsch.

393 928 435 972 5.
475 917 670 971 λεωργὸν]
718 917 887 970 Ineptas
925 915 1121 970 quasdam
1162 915 1449 971 explicationes
1491 915 1775 971 excogitarunt

338 983 562 1025 scholiastae
584 997 707 1037 prava
725 981 973 1037 etymologia
990 981 1162 1037 decepti,
1184 981 1290 1021 inter
1308 996 1411 1036 quas
1433 981 1502 1022 illa
1521 997 1686 1037 quoque
1702 991 1774 1031 est,

338 1050 407 1092 τὸν
438 1050 525 1091 τοὺς
554 1050 674 1091 λαοὺς
709 1047 991 1100 ἐργασάμενον,
1027 1047 1149 1100 ἤγουν
1182 1047 1225 1087 τὸ
1261 1051 1336 1087 τῶν
1371 1048 1583 1099 ἀνθρώπων
1614 1050 1773 1098 πλῆθος·

338 1117 449 1158 οὗτος
474 1118 549 1168 γὰρ
578 1116 782 1165 μυθεύεται
810 1114 962 1155 πλάσαι
990 1114 1061 1155 τὸν
1086 1115 1303 1167 ἄνθρωπον·
1333 1129 1456 1169 quam
1485 1113 1775 1170 Etymologico

340 1183 405 1222 M.
437 1197 476 1237 p.
498 1185 596 1235 563,
620 1194 683 1222 10.
710 1181 849 1221 intulit
876 1180 1140 1220 Turrisanus.
1201 1180 1373 1221 Fabulae
1402 1180 1454 1221 de
1489 1180 1722 1221 hominibus
1751 1195 1775 1220 a

341 1248 588 1289 Prometheo
607 1262 657 1288 ex
685 1246 773 1288 luto
792 1247 897 1287 fictis
926 1246 1121 1286 rationem
1152 1261 1232 1286 non
1264 1246 1408 1287 habuit
1427 1246 1668 1302 AEschylus,
1687 1261 1774 1295 nec,

340 1313 372 1353 si
393 1312 613 1359 habuisset,
637 1312 712 1352 hoc
742 1311 969 1366 significatu
990 1313 1168 1364 λεωργόν
1187 1311 1371 1361 dixisset,
1391 1312 1502 1367 quod
1534 1311 1634 1352 nihil
1662 1311 1773 1352 aliud

340 1393 425 1419 esse
453 1392 577 1434 quam
608 1381 827 1430 πανοῦργος
858 1377 918 1418 vel
949 1382 1159 1430 κακοῦργος
1186 1388 1373 1419 constans
1403 1378 1646 1433 scriptorum
1679 1393 1777 1418 usus

341 1445 471 1486 docet.

398 1513 437 1551 6.
459 1511 727 1561 ἀδαμαντίνων
747 1512 901 1561 δεσμῶν
922 1511 965 1550 ἐν
981 1509 1179 1562 ἀρρήκτοις
1198 1509 1350 1564 πέδαις]
1374 1511 1646 1560 ἀδαμαντίναις
1664 1509 1778 1560 πέδη-

342 1594 407 1618 σιν
428 1579 472 1618 ἐν
492 1577 690 1628 ἀρρήκτοις
709 1575 866 1627 πέτραις
886 1574 986 1615 Ald.
1006 1575 1280 1616 consentiente
1301 1577 1364 1616 M.
1386 1576 1609 1630 ceterisque
1632 1575 1777 1616 codici-

342 1644 434 1692 bus,
455 1642 530 1683 nisi
550 1642 662 1698 quod
682 1641 722 1682 in
744 1641 990 1696 quibusdam
1015 1643 1272 1697 ἀδαμαντίνῃς
1300 1642 1464 1697 πέδῃσιν
1485 1641 1547 1682 vel
1568 1643 1775 1692 ἀδαμαντί-

342 1726 425 1751 ναις
445 1709 626 1750 πέδαισιν
646 1708 859 1763 scriptum,
879 1708 920 1747 in
941 1708 1028 1748 aliis
1049 1710 1092 1748 ἐν
1111 1707 1303 1748 omissum
1324 1718 1396 1749 est.
1433 1709 1540 1749 Cum
1564 1707 1663 1748 Ald.
1684 1722 1777 1748 con-

341 1775 463 1816 sentit
479 1775 602 1816 etiam
623 1775 734 1815 Rob.
756 1774 830 1814 nisi
846 1773 958 1829 quod
978 1773 1113 1816 πέδαις
1128 1789 1203 1828 pro
1221 1773 1386 1825 πέδῃσιν
1405 1774 1583 1815 exhibet.
1626 1775 1773 1814 Veram

341 1842 465 1882 totius
502 1857 642 1882 versus
675 1841 916 1896 scripturam
951 1855 1002 1880 ex
1035 1839 1249 1880 scholiasta
1277 1840 1568 1896 Aristophanis
1600 1840 1777 1881 restituit

326 1911 557 1950 canterus.
603 1908 850 1949 Perturbata
869 1907 988 1947 lectio
1009 1906 1089 1947 fuit
1108 1906 1255 1947 veteris
1274 1922 1409 1947 errore
1429 1907 1594 1956 librarii,
1614 1907 1685 1962 qui
1706 1907 1775 1948 πέ-

340 1992 447 2027 τραις
474 1990 550 2030 pro
567 1974 702 2016 πέδαις
730 1973 954 2029 scripserat,
975 1973 1088 2028 quod
1116 1973 1377 2028 postmodum
1398 1973 1439 2013 in
1462 1973 1643 2028 margine
1669 1973 1775 2028 posi-

340 2050 429 2082 tum
450 2041 502 2081 ab
520 2040 607 2081 aliis
625 2040 676 2081 ad
699 2043 852 2092 δεσμῶν
870 2050 931 2080 est
950 2039 1121 2079 relatum
1141 2053 1314 2093 eamque
1332 2039 1386 2080 ob
1405 2053 1584 2080 caussam
1606 2040 1775 2090 ἀδαμαν-

341 2108 462 2150 τίναις
480 2106 768 2162 interpolatum
790 2106 919 2161 ejecto
938 2109 1105 2156 δεσμῶν.

327 2204 337 2208 -
400 2184 438 2226 7.
460 2173 679 2227 παντέχνου
699 2173 819 2225 πυρὸς
838 2172 979 2225 σέλας]
1006 2173 1155 2212 Omne-5·
1170 2177 1281 2212 artes
1297 2172 1342 2210 in
1362 2184 1405 2211 se
1423 2171 1624 2212 habenti-9.
1656 2172 1776 2212 Conf.

332 2255 382 2279 >v.
402 2253 492 2280 110.
516 2250 609 2295 254.
643 2239 869 2281 BLOMF.

405 2318 467 2348 12.
499 2306 614 2360 σφῷν
644 2302 891 2345 Brunckius.
936 2306 1065 2355 σφῶϊν
1083 2302 1147 2343 vel
1169 2307 1298 2355 σφῶιν
1317 2302 1474 2343 codices
1499 2312 1539 2343 et
1565 2302 1658 2343 edd.
1681 2312 1777 2344 vett.

343 2372 408 2413 hic
427 2382 468 2413 et
487 2371 597 2421 alibi,
615 2371 848 2427 pariterque
868 2374 962 2411 νῶϊν
980 2369 1042 2410 vel
1064 2374 1168 2411 νῶιν.
1222 2371 1288 2410 De
1307 2385 1392 2424 quo
1413 2369 1534 2410 semel
1553 2385 1776 2411 monemus.

403 2491 468 2536 15.
489 2481 605 2537 πρὸς]
621 2439 696 2536 '⁷535'
715 2481 780 2520 Μ.
824 2480 920 2532 πρὸς
938 2483 984 2535 τῇ
1006 2480 1117 2521 Rob.

409 2560 469 2599 ¹6.
490 2561 650 2611 σχεθεῖν
670 2556 903 2607 Elmsleius.
957 2556 1075 2597 Libri
1096 2556 1268 2610 σχέθειν.

407 2646 470 2688 17.
502 2634 737 2689 ἐξωριάζειν]
772 2633 1022 2690 Hesychius,
1058 2634 1298 2686 εὐωριάζεινε
1331 2636 1551 2687 ὀλιγωρεῖν,
1586 2635 1639 2686 μὴ
1673 2631 1780 2687 ἔχειν

328 2703 545 2754 -φροντίδα,
560 2704 809 2754 παρακούειν.
838 2704 1044 2754 Σοφοκλῆς
1066 2703 1108 2742 ἐν
1124 2703 1301 2754 Σκυρίαις
1319 2704 1458 2755 χρῆται
1477 2702 1530 2756 τῷ
1550 2701 1778 2753 εὔωριάζειν.

345 2768 531 2818 Photius‚
554 2767 793 2820 εὗωριάζεινε
827 2769 1116 2820 ἀφροντιστεῖν,
1145 2770 1241 2808 κατὰ
1267 2769 1514 2820 ἆντίφρασιν·
1545 2767 1624 2819 ὥρα
1652 2768 1728 2819 γὰρ
1756 2767 1780 2816 ἡ

345 2835 517 2886 φροντίς.
554 2835 622 2873 Ex
644 2834 896 2889 Etymologo
914 2849 955 2888 p.
975 2847 1074 2884 401,
1095 2845 1164 2889 37.
1185 2833 1378 2874 discimus
1396 2848 1464 2874 eos
1481 2832 1631 2873 ironice
1649 2831 1779 2873 dictos
