1898 3256
694 235 782 276 AD
814 234 1066 276 PERSAS.
1530 234 1618 279 29⁹7

203 348 514 405 ᾠακοστρόφουν
537 348 761 388 Porsonus.
794 346 1110 399 οἰακοστρόφουν
1131 345 1271 401 vulgo.

205 418 300 471 768.
333 417 459 470 τρίτος
487 414 518 456 δ’
540 413 605 456 ἀπ’
628 415 747 456 αὐτοῦ
774 413 916 468 Κῦρος]
948 414 1088 470 Cyrus
1110 412 1314 469 AEschylo
1335 412 1495 462 tertius,
1519 413 1619 454 Per-

146 501 285 528 sarum
306 501 380 527 rex
400 485 561 542 primus
582 483 711 540 vulgo
731 482 930 535 creditur,
953 498 1002 524 eo
1026 482 1163 523 forsan
1187 482 1365 534 nomine,
1385 481 1501 538 quod
1530 482 1617 539 pri-

145 569 240 595 mus
268 553 302 594 is
331 553 459 594 fuerit
482 554 621 600 Persa,
645 551 716 608 qui
751 551 888 592 Persis
916 550 1148 607 imperavit.
1210 549 1375 591 Priores
1396 550 1483 591 duo
1502 565 1620 606 reges

146 620 312 663 natione
333 621 481 668 Medi;
515 620 662 677 reliqui
684 634 829 661 omnes
853 619 1017 660 Persae:
1051 617 1164 659 unde
1183 617 1382 674 paulatim
1400 617 1490 674 ipsa
1505 617 1620 674 regio

146 689 298 730 Media
326 698 368 731 et
399 689 705 731 Pereo-Media
732 685 932 744 appellari
959 684 1092 737 desiit,
1120 694 1160 727 et
1195 684 1422 726 Medorum
1454 684 1620 727 nomina

147 756 315 798 tandem
336 757 507 798 fuerunt
528 755 694 798 abolita.
727 754 950 796 STANL.

207 846 302 891 773.
323 835 452 891 ἴθυνε]
473 835 594 887 ἤθυνε
615 835 656 876 Α
674 850 682 875 :
716 832 829 875 unde
848 832 1089 875 Brunckius
1109 833 1263 884 ηὔθυνε.
1298 831 1459 873 Eadem
1481 831 1619 873 lectio·

148 917 214 944 ms
233 912 410 945 varietas
429 918 469 944 v.
490 916 589 956 411.

206 990 303 1035 774.
326 979 447 1022 Libri
467 996 610 1022 omnes
629 980 806 1034 πέμπτος
824 981 867 1021 δὲ
890 978 1054 1032 Μάρδος
1073 977 1204 1031 ἦρξεν.
1251 983 1280 1003 “
1299 978 1439 1035 Vulgo
1459 980 1622 1036 conspi-

146 1046 336 1089 rantibus
352 1047 476 1088 codd.
494 1047 670 1101 Μάρδος,
693 1047 808 1104 quod
830 1062 979 1089 nomen
1002 1046 1044 1087 in
1067 1046 1325 1089 Persicorum
1347 1062 1496 1104 regum
1518 1047 1621 1090 serie

146 1114 296 1157 nullibi
316 1125 541 1172 comparet.
602 1117 673 1157 Ex
696 1114 918 1157 Herodoto
933 1113 1032 1155 satis
1061 1123 1186 1155 notus
1213 1113 1379 1167 Σμέρδις
1408 1123 1482 1156 est.
1534 1116 1620 1158 No-

147 1182 270 1224 minis
299 1183 475 1240 primam
506 1183 666 1224 literam
702 1182 871 1224 extrivit
904 1181 1024 1223 metri
1057 1180 1287 1232 necessitas,
1316 1183 1432 1238 quod
1460 1182 1502 1223 in
1532 1181 1621 1224 aliis

147 1251 322 1293 vocibus
362 1251 577 1300 usitatum,
619 1260 666 1292 ut
705 1251 747 1291 in
787 1250 936 1291 adfinis
977 1249 1068 1291 soni
1108 1249 1236 1291 verbo
1277 1248 1432 1302 σμέρδω
1476 1248 1619 1302 μέρδω.

149 1318 445 1360 Emendationi
466 1318 580 1360 favet
595 1317 848 1368 scholiastes,
869 1331 995 1373 quam
1020 1316 1171 1358 alicubi
1202 1318 1405 1373 prolatam
1429 1316 1527 1368 vidi,
1548 1317 1621 1358 sed

147 1385 302 1427 librum
331 1400 414 1427 non
445 1385 677 1427 recordor.''
724 1386 931 1426 Bmmcx.
1013 1384 1143 1426 Liber
1173 1384 1250 1425 iste
1283 1384 1385 1426 Jani
1418 1385 1621 1440 Rutgersi

147 1462 224 1504 est,
254 1455 350 1494 Var.
388 1454 508 1494 Lect.
539 1467 584 1508 3,
619 1466 684 1494 10.
737 1452 820 1494 Sed
850 1467 983 1508 ecqua
1009 1452 1091 1493 fuit
1124 1452 1246 1493 metri
1276 1452 1493 1494 necessitas
1523 1467 1620 1508 quae

150 1530 313 1578 poetam
355 1522 584 1578 impelleret
623 1522 676 1562 ad
716 1520 891 1576 primam
933 1520 1110 1562 nominis
1143 1520 1302 1562 literam
1334 1519 1618 1571 exterendam,

146 1603 282 1644 quum
324 1587 440 1629 nulla
479 1597 585 1629 esset
618 1602 763 1629 caussa
804 1602 880 1628 cnr
919 1587 1106 1639 Πέμπτος
1145 1588 1188 1628 δὲ
1223 1587 1372 1640 Μέρδις
1411 1586 1618 1638 scriberet,

150 1656 289 1713 potius
329 1671 455 1712 quam
506 1656 671 1709 Σμέρδις
720 1657 763 1696 δὲ
801 1655 990 1707 πέμπτος,
1032 1654 1144 1710 quod
1186 1653 1227 1694 in
1264 1663 1382 1695 textu
1423 1653 1618 1709 reposui?

151 1725 382 1767 BLOMF.
427 1724 603 1766 Praetuli
624 1724 840 1781 Rutgersii
861 1723 1204 1765 emendationem.
1242 1723 1351 1763 Nam
1373 1721 1510 1778 aptior
1530 1736 1618 1762 ver-

149 1793 300 1834 borum
318 1792 533 1834 collocatio
548 1801 609 1834 est
624 1792 800 1845 πέμπτος
815 1792 859 1832 δὲ
876 1790 1025 1843 Μέρδις
1039 1804 1165 1846 quam
1184 1788 1350 1841 Σμέρδις
1365 1789 1408 1829 δὲ
1428 1787 1617 1839 πέμπτος.

151 1883 346 1939 Eamque
368 1897 421 1923 ex
441 1891 558 1939 parte
577 1880 838 1923 confirmavit
859 1881 924 1921 M.
955 1879 997 1920 in
1019 1895 1105 1935 quo
1125 1864 1327 1931 δέμάρδάῖ.
1359 1892 1454 1933 quae
1485 1877 1612 1933 scrip-

151 1957 247 1990 tura
266 1963 319 1989 ex
339 1948 566 1990 scholiastae
586 1947 851 1989 annotatione
867 1946 994 1988 ducta
1014 1956 1090 1997 est,
1107 1947 1130 1998 ἡ
1147 1946 1281 1999 γραφὴ
1301 1944 1527 1997 ἡμάρτηται.
1549 1943 1619 1985 τὸν
1670 1983 1672 1985 ,

151 2018 228 2070 γὰρ
266 2016 499 2069 ἐπιθέμενον
532 2019 578 2068 τῇ
616 2016 836 2068 Καμβύσου
868 2015 970 2071 ἀρχῇ
1001 2013 1129 2067 μάγον
1164 2014 1261 2054 ὄντα
1295 2012 1420 2055 οὐδεὶς
1452 2010 1618 2064 Μάρδον

152 2082 332 2137 (Μάρδιν
353 2084 488 2139 Rob.)
512 2083 634 2131 εἶπεν,
658 2084 748 2125 οὔτε
776 2082 894 2137 γένος
923 2083 1013 2124 οὔτε
1043 2083 1182 2134 ὄνομα.
1213 2080 1364 2134 μήποτε
1394 2080 1464 2121 οὖν
1496 2096 1618 2132 γραπ-

149 2151 256 2199 τέον,
296 2150 450 2204 Μάρδις
483 2150 667 2204 (Μάρδος
699 2151 831 2205 Rob.)
866 2151 1035 2203 αἰσχύνη
1066 2148 1205 2204 πάτρα.
1252 2147 1379 2202 μάγος
1409 2147 1460 2198 ἢν
1495 2149 1516 2188 ὁ
1550 2150 1618 2198 τῆς

151 2219 274 2272 ἀρχῆς
305 2219 610 2271 ἐπιλαβόμενος,
644 2217 667 2269 ἢ
699 2219 796 2262 ἴσως
831 2219 1034 2270 ὁμώνυμος
1062 2218 1291 2270 ὑπεκρίνετο
1328 2216 1429 2257 εἶναι
1464 2214 1618 2268 Μερδίᾳ

150 2286 206 2341 τῷ
227 2290 295 2326 τοῦ
317 2287 445 2339 Κύρου
465 2286 574 2327 παιδὶ
595 2287 757 2342 ἀδελφῷ
778 2303 821 2327 τε
842 2287 1076 2338 Καμβύσου.
1110 2285 1233 2326 Conf.
1255 2284 1308 2325 ad
1330 2299 1368 2325 v.
1391 2294 1487 2338 779.

210 2364 353 2421 πάτρᾳ]
389 2383 450 2419 γρ.
485 2364 611 2421 πάτρῃ
640 2366 691 2406 Β.
738 2363 863 2417 πάτρῆ
889 2365 953 2405 Μ.
1005 2363 1151 2417 πάτρης
1187 2365 1237 2404 Β.
1289 2361 1438 2415 πάτρας
1475 2362 1615 2416 Mosq.

154 2433 290 2475 Viteb.
319 2433 462 2476 Guelf.
495 2433 596 2474 Ald.
628 2433 739 2474 Rob.
769 2434 907 2473 Turn.
957 2430 1084 2487 πάτρᾳ
1113 2431 1275 2473 codices
1304 2430 1490 2486 plerique
1520 2443 1616 2470 cum

154 2501 300 2557 Steph.

213 2591 309 2634 777.
331 2579 434 2620 Post
454 2579 566 2621 hunc
581 2593 744 2620 versum
767 2577 956 2633 sequitur
975 2577 1016 2617 in
1044 2576 1173 2628 libris,
1183 2575 1328 2617 Ἕκτος
1348 2575 1391 2615 δὲ
1412 2573 1615 2626 Μάραφις,

154 2649 326 2700 ἕβδομός
354 2646 384 2688 τ’
414 2646 698 2700 Ἀρταφρένης.
731 2660 856 2702 quem
886 2645 1131 2686 versiculum
1169 2642 1355 2700 spurium
1389 2656 1476 2682 esse
1501 2640 1618 2696 judi-

154 2715 265 2757 cavit
287 2715 523 2765 Schutzius,
547 2713 752 2756 uncinulis
772 2712 937 2754 inclusit
960 2713 1181 2753 Porsonus.
1243 2711 1357 2750 Bene
1384 2707 1618 2749 observavit

154 2783 394 2833 Schutzius,
411 2782 542 2838 quod,
564 2787 592 2807 “
609 2796 740 2837 quum
762 2789 919 2836 septem
943 2779 1146 2835 principes
1166 2779 1385 2819 Persarum
1407 2775 1459 2816 ad
1483 2777 1618 2816 Smer-

154 2850 228 2892 din
248 2850 481 2892 tollendum
503 2849 739 2905 conjurasse
769 2856 913 2888 notum
942 2855 1062 2895 esset,
1085 2844 1302 2886 scholiasta
1320 2843 1427 2884 forte
1446 2842 1618 2899 quidam

155 2918 210 2961 ad
230 2917 475 2976 explicanda
497 2916 689 2974 AEschyli
712 2916 852 2966 verba,
884 2915 942 2957 οἷς
972 2912 1050 2954 τόδ’
1072 2913 1122 2965 ἣν
1151 2911 1281 2967 χρέος,
1303 2910 1497 2967 adjecerit
1527 2924 1617 2967 sep-

854 2996 927 3037 PP
