1898 3256
581 213 671 254 AD
701 209 1179 253 PROMETHEUM.
1562 207 1620 252 93

153 326 468 384 descriptionem
487 325 724 368 vaticinanti
744 323 996 366 Prometheo
1017 322 1188 364 tribuat.
1222 321 1268 362 Is
1287 320 1417 377 igitur
1436 319 1620 377 primum

156 397 208 437 Io
221 396 345 452 jubet
364 395 417 437 ad
437 394 637 436 orientem
657 407 896 435 conversam
917 390 1095 433 incultas
1115 399 1247 432 terras
1265 387 1517 445 pertransire

324 488 480 538 πρῶτον
497 484 572 536 μὲν
592 481 740 524 ἐνθένδ’
761 483 878 534 ἡλίου
896 481 996 535 πρὸς
1015 482 1191 524 ἀντολὰς

327 551 544 605 στρέψασα
563 550 725 602 σαυτὴν,
747 549 874 604 στεῖχ’
896 549 1110 603 ἀνηρότους
1129 549 1239 601 γύας.

158 640 268 691 Quia
301 640 353 681 Io
387 639 606 682 videbatur
640 638 958 696 septentrionem
991 653 1136 679 versus
1174 636 1299 687 itura,
1333 636 1624 688 Prometheus,

157 723 282 764 quem
313 707 371 749 ita
400 706 454 748 ad
483 722 629 764 rupem
662 706 898 763 Scythicam
928 705 1145 762 alligatum
1176 705 1304 746 fuisse
1334 704 1553 756 sumimus,
1577 713 1625 747 ut

157 776 263 818 facie
283 790 425 816 versus
444 774 712 816 Occidentem
735 774 952 816 hibernum
981 788 1205 815 conversus
1229 783 1348 823 esset,
1370 773 1477 814 bene
1492 772 1627 814 dicere

158 852 322 900 poterat
350 842 567 896 στρέψασα
597 841 757 893 σαυτὴν,
785 857 880 883 cum
913 856 1019 888 eam,
1044 856 1097 882 ne
1117 856 1261 882 versus
1293 840 1626 897 Septentrionem

160 922 362 968 pergeret,
382 909 452 951 sed
474 909 527 951 ad
550 909 763 951 Orientem
785 925 828 951 se
847 918 1119 958 converteret,
1141 907 1408 949 admonebat.

220 980 372 1034 Itaque
395 978 482 1034 jam
512 977 568 1019 sic
594 977 796 1033 pergebat
817 977 883 1027 Io,
906 986 954 1018 ut
980 991 1004 1017 a
1025 976 1188 1017 sinistra
1207 976 1248 1016 in
1273 976 1451 1032 Scythas
1472 977 1629 1018 Noma-

160 1046 235 1087 das
263 1045 474 1095 incideret,
500 1044 572 1101 qui
602 1044 857 1086 Hamaxobii
888 1044 1224 1095 nominabantur,
1253 1060 1279 1086 a
1308 1045 1458 1087 dextra
1486 1055 1626 1087 autem

162 1129 275 1155 mare
308 1113 493 1154 haberet.
556 1114 683 1154 Hanc
713 1111 907 1168 AEschyli
945 1111 1188 1153 sententiam
1219 1112 1346 1154 fuisse
1376 1113 1534 1155 clarum
1565 1126 1628 1155 est

163 1196 211 1222 ex
235 1180 310 1231 his,
331 1180 405 1237 qui
426 1193 676 1236 sequuntur,
697 1180 908 1221 versiculis
925 1196 935 1221 ε

335 1272 487 1314 Σκύθας
507 1272 537 1312 δ’
559 1269 682 1324 ἀφίξῃ
704 1270 875 1322 νομάδας
895 1295 952 1301 --
970 1295 1030 1302 -

334 1339 393 1382 οἷς
410 1338 463 1390 μὴ
482 1337 684 1387 πελάζειν,
706 1338 796 1378 ἀλλ’
819 1339 1045 1382 ἁλιστόνοις
1063 1339 1188 1382 πόδας

334 1407 583 1459 χρίμπτουσα
601 1406 807 1459 ῥαχίαισιν
827 1406 997 1458 ἐκπερᾶν
1016 1407 1158 1460 χθόνα.

162 1496 318 1550 Ῥαχίαι
357 1496 562 1536 ἆλίστονοι
595 1495 723 1536 litora
757 1501 957 1536 montana
991 1496 1125 1536 ‘maris
1158 1495 1284 1535 allisu
1318 1496 1631 1551 perstrepentia

165 1563 288 1604 maris
315 1562 490 1619 alicujus
518 1562 708 1603 viciniam
738 1562 985 1618 designant;
1019 1577 1081 1612 ac,
1114 1562 1190 1603 nisi
1213 1561 1462 1618 AEschylum
1495 1561 1632 1618 plane,

165 1631 267 1687 quid
296 1630 462 1680 dixerit,
486 1629 696 1685 ignorasse
726 1629 1007 1680 statuerimus,
1034 1645 1197 1671 necesse
1226 1639 1302 1680 est,
1324 1645 1420 1670 eum
1452 1630 1530 1671 sub
1559 1633 1629 1684 ῥα-

166 1699 272 1752 χίαις
292 1699 515 1740 ἁλιστόνοις
534 1696 782 1738 intellexisse
798 1696 918 1738 litora
932 1696 1097 1753 paludis
1114 1697 1342 1747 Maeotidis,
1357 1713 1453 1753 quae
1472 1698 1631 1753 utique,

168 1765 199 1805 si
223 1766 274 1805 Io
294 1780 435 1805 versus
454 1764 652 1806 orientem
674 1773 880 1820 pergeret,
903 1764 939 1804 ei
966 1779 990 1804 a
1019 1763 1166 1804 dextra
1196 1763 1273 1804 sita
1303 1774 1433 1814 erant,
1457 1764 1630 1820 quibus-

168 1848 251 1888 que
272 1831 305 1872 si
324 1831 705 1888 appropinquabat,
726 1831 909 1887 effugere
933 1830 1081 1872 licebat
1113 1831 1290 1886 Scythas
1310 1831 1536 1881 Nomadas,
1558 1832 1632 1888 qui

167 1899 331 1955 longius
350 1915 376 1940 a
394 1899 547 1955 palude
569 1899 770 1940 Maeotide
790 1914 933 1939 versus
954 1898 1285 1955 Septentrionem
1308 1898 1568 1940 recedebant.

226 1969 340 2008 Tum
373 1982 470 2008 vero
502 1966 567 2007 Ioi
597 1966 769 2007 ulterius
798 1966 1070 2023 proficiscenti
1106 1982 1131 2007 a
1165 1967 1328 2007 sinistra
1362 1967 1635 2008 occurrebant

168 2034 348 2075 bellicosi
378 2043 419 2075 et
442 2033 708 2090 inhospitales
729 2033 949 2090 Chalybes.
1012 2035 1071 2075 Et
1098 2033 1173 2075 hos
1194 2034 1364 2090 quidem
1386 2033 1487 2075 alios
1507 2034 1634 2075 fuisse

170 2117 332 2143 necesse
360 2113 436 2151 est,
458 2117 583 2157 quam
615 2102 688 2157 qui
707 2101 834 2157 vulgo
864 2110 1146 2142 memorantur
1166 2102 1273 2142 circa
1292 2101 1465 2143 fluvium
1491 2102 1633 2143 Ther·

170 2169 420 2210 modontem.
454 2169 717 2225 Nempevjam
739 2168 836 2210 alibi
857 2168 1183 2219 observavimus,
1207 2169 1446 2225 Chalybum
1471 2170 1635 2211 nomine

170 2236 403 2292 complures
431 2236 528 2277 olim
558 2246 702 2292 gentes
730 2236 914 2277 locorum
946 2235 1170 2277 intervallis
1205 2236 1368 2278 dissitas
1405 2237 1636 2279 nominatas

171 2303 310 2344 fuisse.
371 2303 431 2344 Hi
451 2303 581 2359 igitur
600 2304 708 2345 intra
729 2303 1032 2359 Borysthenem
1054 2313 1095 2345 et
1117 2304 1282 2345 Tanain
1313 2304 1570 2354 habitabant,
1592 2305 1634 2346 in

172 2370 320 2412 vicinia
335 2370 584 2427 Scytharum
608 2371 984 2423 Hamaxobiorum,
999 2371 1058 2413 ita
1075 2382 1121 2413 ut
1141 2388 1210 2413 eos
1230 2388 1255 2414 a
1274 2372 1436 2414 sinistra
1458 2374 1508 2413 Io
1528 2388 1637 2429 prae-

173 2447 327 2479 teriret.

232 2504 330 2544 Jam
365 2505 417 2544 Io
446 2504 499 2544 ad
531 2503 706 2545 fluvium
743 2505 951 2560 quendam
983 2506 1215 2562 Hybristen
1248 2506 1344 2547 olim
1381 2506 1635 2562 appellatum

175 2580 425 2627 perventura
445 2581 545 2612 erat.
607 2572 659 2612 In
680 2572 758 2612 hoc
777 2572 884 2613 enim
907 2573 1109 2614 versiculo

400 2660 503 2711 ἥξεις
522 2660 714 2712 ὑβριστὴν
733 2661 910 2713 ποταμὸν
930 2663 976 2703 οὐ
995 2664 1258 2715 ψευδώνυμον

176 2763 316 2789 vocem
347 2747 540 2800 ὑβριστὴν
565 2763 646 2788 non
677 2749 991 2804 appellativum,
1025 2750 1095 2790 scd
1126 2765 1274 2791 nomen
1307 2751 1521 2806 proprium
1554 2768 1641 2794 csse

177 2830 303 2871 supra
335 2815 388 2855 ad
419 2814 462 2855 h.
491 2830 529 2856 v.
564 2814 796 2855 docuimus.
859 2817 948 2856 Nec
986 2818 1165 2866 Araxes,
1201 2828 1254 2865 ut„
1285 2818 1528 2869 scholiastae,
1568 2836 1642 2861 nec

177 2884 361 2938 Aragus,
397 2891 444 2922 ut
480 2881 629 2922 Gallus
663 2881 865 2938 interpres
901 2882 1110 2938 opinatur,
1147 2884 1186 2925 h.
1219 2884 1243 2925 l.
1282 2885 1453 2941 intelligi
1492 2897 1642 2942 potest.

178 2950 369 3004 Uterque
389 2948 495 2989 enim
519 2949 705 3004 regiones
734 2964 757 2989 a
790 2949 1049 2991 meridionali
1079 2961 1197 3007 parte
1219 2953 1406 2993 Caucaso
1437 2954 1644 3010 subjectas
1699 2982 1702 2985 -
