1898 3256
355 254 444 295 AD
477 251 730 295 SEPTEM
764 249 1100 292 ADVERSUS
1134 248 1405 290 THEBAS.
1530 247 1614 291 149

151 364 182 407 δ’
217 365 287 407 ἀΐω
323 367 506 420 φθόγγον
535 366 768 416 ὑπαξονίων.
822 360 969 420 Suppl.
1009 361 1102 402 180.
1137 361 1329 414 Σύριγγες
1367 359 1412 400 οὐ
1444 362 1614 412 σιγῶσιν

150 434 398 485 ἀξονήλατοι.
430 433 663 475 BLOMF.

209 503 423 558 ἔκλαγξαν]
461 500 641 558 Syllabae
670 499 816 555 primae
848 502 886 540 δῖ
916 496 1244 555 superscriptum
1275 496 1318 538 in
1355 496 1422 538 M.
1450 495 1504 537 ab
1533 494 1615 536 alia

149 583 289 610 manu.

209 637 428 693 ἑλίτροχοι]
450 639 505 679 In
526 637 676 695 quibus
695 641 788 677 rota
809 635 1054 677 revolvitur.
1109 632 1152 674 Si
1173 631 1269 688 quis
1289 631 1480 688 exempla
1499 645 1614 687 quae-

149 714 215 746 rat
235 705 488 762 metaphorae
508 705 686 746 nauticae
705 703 919 755 πηδαλίων,
941 701 993 743 ad
1014 702 1133 742 frena
1160 699 1472 750 translatorum,
1493 700 1615 741 adeat

150 773 344 815 Valcken.
367 774 410 815 in
432 773 611 830 Hippol.
633 784 755 814 1221.
787 771 1017 812 BLOMF.

209 843 305 884 206.
327 840 485 883 ἀΰπνων
509 842 559 883 de
588 839 715 881 frenis
733 838 907 890 dictum,
927 854 1024 895 quae
1045 852 1207 894 semper
1230 844 1467 887 moventur,
1490 835 1617 877 modo

149 910 431 960 attrahuntur,
452 909 578 951 modo
596 908 804 950 laxantur.
837 908 971 948 SCH.
1035 904 1233 947 Similiter
1253 903 1482 946 scholiasta.
1532 903 1616 946 Sed

149 977 291 1019 vitiose
313 977 395 1035 legi
417 977 576 1020 ἀΰπνων
595 986 775 1018 metrum
796 974 959 1031 arguit:
992 973 1060 1015 cui
1081 982 1129 1014 ut
1152 972 1384 1014 consuleret
1407 972 1617 1014 Seidlerus

150 1046 203 1088 de
232 1063 338 1089 vers.
369 1047 531 1088 dochm.
563 1061 603 1102 p.
630 1057 723 1099 129.
758 1045 967 1098 ἆγρύπνων
1001 1042 1178 1099 scripsit,
1210 1051 1376 1098 recepto
1409 1041 1451 1082 in
1481 1041 1618 1083 verbis

150 1115 350 1172 proximis
381 1131 432 1157 ex
470 1113 677 1157 Schuetzii
717 1113 957 1169 conjectura
996 1111 1204 1163 διαστόμια
1239 1111 1335 1166 (pro
1370 1112 1434 1152 διὰ
1466 1111 1614 1163 στόμα)

150 1183 267 1239 quod
295 1183 404 1225 idem
425 1193 530 1225 esset
549 1192 675 1238 atque
701 1181 922 1232 ὑποστόμια
950 1182 1131 1234 χαλινῶν
1150 1193 1175 1219 a
1196 1177 1369 1219 Polluce
1390 1187 1618 1219 memorata

154 1264 194 1302 1,
222 1252 316 1305 184.
345 1265 410 1302 10,
430 1253 501 1307 56.
565 1249 647 1292 Sed
678 1264 752 1290 nec
781 1258 978 1290 testatum
999 1246 1105 1287 illud
1127 1247 1336 1298 διαστόμια
1357 1260 1382 1286 a
1401 1260 1616 1302 quoquam

150 1332 211 1361 est
232 1335 307 1361 nec
327 1318 541 1377 probabile
557 1316 738 1360 dochmii
756 1317 881 1358 finem
898 1315 977 1356 hoc
992 1314 1083 1356 loco
1097 1313 1140 1354 in
1161 1313 1344 1354 medium
1366 1313 1616 1355 vocabulum

149 1387 340 1429 incidere.
384 1388 517 1428 Recte
537 1402 615 1443 ego
636 1385 952 1427 Lachmannum
976 1382 1146 1424 sensisse
1166 1380 1289 1422 credo
1309 1380 1362 1422 de
1381 1380 1492 1422 chor.
1514 1391 1616 1438 syst.

150 1471 192 1512 p.
215 1456 283 1498 88.
305 1455 379 1512 qui
398 1456 571 1497 verbum
601 1453 771 1510 aliquod
798 1452 929 1494 simile
958 1450 1210 1508 praecedenti
1238 1450 1437 1504 ἔκλαγξαν
1457 1449 1617 1491 deside-

150 1524 231 1565 rari
254 1523 398 1564 videns
427 1522 606 1564 correxit
635 1524 800 1563 ἱππικῶν
830 1522 1034 1573 πηδαλίων
1066 1521 1130 1561 δία
1156 1517 1162 1575 Ι
1188 1520 1333 1570 στόμια
1357 1521 1618 1572 πυριγενετᾶν

150 1596 340 1647 χαλινῶν.
400 1593 510 1633 Nam
533 1592 676 1643 στόμια
695 1589 862 1632 omnino
882 1590 1175 1631 assumendum
1203 1603 1256 1628 ex
1289 1586 1498 1628 Schuetzii
1522 1601 1618 1628 con-

145 1660 310 1717 jectura
328 1669 370 1701 et
389 1675 510 1701 sensu
526 1668 568 1701 et
587 1668 720 1700 metro
739 1657 989 1715 postulante.
1021 1657 1150 1709 στόμα
1169 1655 1211 1696 in
1235 1655 1317 1696 fine
1346 1654 1618 1712 praecedentis

151 1743 295 1770 versus
313 1728 432 1785 ponit
452 1727 555 1769 Ald.

211 1808 309 1851 207.
339 1795 619 1852 πυριγενετᾶν]
641 1797 753 1853 Igne
764 1796 1099 1850 fabricatorum.
1159 1792 1226 1834 Sic
1257 1794 1401 1844 στόμια
1429 1794 1618 1846 πυριγενῆ

153 1880 221 1922 ap.
243 1864 394 1920 Eurip.
416 1863 592 1920 Hippol.
618 1876 738 1919 1223.
760 1863 814 1904 ab
838 1861 1059 1904 Schuetzio
1078 1860 1263 1902 citatum.
1393 1851 1395 1853 ¹

214 1933 310 1975 208.
340 1932 392 1985 μὴ
417 1931 468 1986 ’ς]
503 1931 729 1972 Librorum
757 1929 1051 1972 nonnullorum
1080 1928 1180 1970 vitia
1207 1937 1303 1969 sunt
1323 1927 1376 1979 μὴ
1403 1929 1472 1978 εἰς,
1502 1925 1541 1979 μ’
1564 1928 1618 1978 ἐς,

155 1998 190 2053 γ’
214 2002 282 2044 εἷς.

211 2067 390 2125 πρῷραν]
416 2067 682 2109 Scribebatur
701 2068 871 2120 πρῶραν.

214 2148 312 2191 209.
342 2137 582 2191 πρύμνηθεν]
619 2134 846 2177 Simulacra
865 2134 1056 2191 quaedam
1078 2132 1251 2174 deorum
1272 2131 1317 2172 in
1340 2146 1467 2188 prora
1485 2131 1618 2183 fuere,

154 2203 206 2245 ad
239 2218 336 2260 quae
363 2203 632 2259 gubernator,
667 2202 808 2245 relicta
839 2201 990 2260 puppi,
1023 2200 1153 2242 veluti
1177 2200 1328 2242 chorus
1357 2200 1410 2242 ad
1444 2200 1615 2242 deorum

155 2272 323 2327 templa,
345 2271 624 2327 confugiebat.
685 2272 783 2312 Hoc
804 2279 913 2312 recte
934 2278 1074 2311 monet
1096 2268 1303 2311 Stanleius
1321 2277 1466 2310 contra
1485 2269 1618 2310 Hein—

155 2338 260 2380 sium
292 2349 333 2380 et
365 2338 646 2395 Scaligerum3
677 2339 879 2396 probante
902 2336 1160 2379 Ruhnkenio
1182 2338 1340 2394 Opusc.
1362 2353 1406 2395 p.
1430 2337 1525 2393 298.
1548 2337 1617 2378 ed.

156 2406 300 2462 Lugd.
322 2407 417 2448 Bat.
450 2407 682 2448 BLOMF.

215 2474 322 2528 εὗρε]
348 2473 622 2515 Scribendum
644 2475 748 2527 ηὗρε.

216 2552 314 2583 210.
334 2540 451 2598 πρὸς]
476 2543 520 2583 ἐν
541 2542 594 2583 L.
617 2542 682 2583 M.
704 2542 840 2583 Viteb.

216 2619 455 2663 211-215,
489 2608 640 2650 ἆλλ’-
665 2608 671 2666 Ι
698 2610 907 2664 ἆρχαῖα-
932 2608 939 2666 Ι
966 2609 1194 2663 νιφάδος-
1219 2607 1225 2664 Ι
1250 2611 1464 2662 βρόμος-
1489 2607 1497 2666 Ι
1521 2609 1621 2662 πρὸς

156 2699 214 2707 -
240 2674 248 2733 Ι
273 2674 508 2717 ἵν’-ἀλκάν
527 2675 629 2718 Ald.

217 2756 313 2786 212.
338 2747 465 2785 θεοῖσι
483 2745 648 2787 πίσυνος
669 2743 890 2786 Seidlerus.
921 2745 1087 2787 πίσυνος
1108 2746 1214 2787 θεοῖς
1231 2743 1340 2785 libri.

216 2824 312 2868 213.
335 2811 551 2865 νιφομένας
570 2813 682 2853 Α.Β.
699 2812 862 2868 aliique.
895 2811 1108 2865 νιφομένης
1129 2811 1269 2868 vulgo.
1302 2796 1537 2866 νειφομένης
1551 2812 1618 2854 Μ.

219 2891 313 2935 215.
334 2880 480 2923 πόλεος
500 2881 785 2921 Hermannus.
815 2881 969 2923 πόλεως
987 2878 1094 2920 libri.

218 2947 314 2989 216.
336 2946 510 3002 στέγειν]
533 2946 676 3000 στέγω,
698 2947 912 2998 Summo,
928 2947 1031 2988 Non
1052 2946 1239 2988 admitto.
1273 2946 1448 3003 Proprie
1468 2946 1621 2989 dicitur

158 3011 211 3054 de
230 3028 335 3055 nave
358 3013 442 3067 (vel
463 3015 593 3069 vase‚)
616 3030 712 3071 quae
731 3029 881 3071 aquam
912 3029 988 3071 per
1010 3013 1212 3056 foramina
1234 3013 1298 3055 vel
1330 3013 1455 3056 rimas
1484 3030 1620 3072 neque
