1898 3256
366 235 423 277 68
807 246 811 249 ·
838 236 1330 278 ANNOTATIONES

362 342 530 386 rvidetur
547 343 830 385 antecedentes
857 343 899 383 in
924 353 1058 384 mente
1077 342 1215 383 divina
1234 342 1472 399 priusquam
1494 343 1713 384 existerent
1740 347 1801 384 re-

366 424 458 449 rum
479 410 681 463 notiones)
705 410 767 450 καὶ
785 408 1003 462 ἀρχέτυπον
1022 409 1279 461 παράδειγμα,
1300 411 1348 450 τὰ
1368 411 1410 450 ἐκ
1435 412 1502 460 τῆς
1520 411 1615 461 ὕλης
1633 411 1801 450 ἀποσκο-

365 478 443 522 mr,
476 475 538 515 καὶ
566 479 632 515 τοῦ
662 476 803 516 οἰκείου
831 473 967 517 τέλους
989 474 1198 528 τυγχάνειν
1227 479 1342 516 ποιεῖ·
1373 477 1481 516 ἀλλὰ
1513 476 1575 516 καὶ
1601 477 1660 516 ὅτι
1683 477 1801 528 φύσει

365 539 655 593 προγενεστέρα
689 540 919 594 ὑπάρχουσα
959 540 1035 593 (ita
1075 540 1314 595 legendum)
1353 542 1435 596 ὅσῳ
1474 542 1693 594 συνανείρει
1728 543 1802 593 μὲν

367 608 483 662 ἑαυτῇ
512 609 560 648 τὰ
581 609 714 657 λοιπὰ,
743 608 788 648 οὐ
814 609 1081 659 συνανείρεται
1109 608 1151 648 δὲ
1181 609 1352 650 ἐκείνοις.
1412 607 1648 648 Nicomach.
1667 607 1738 647 lib.
1763 621 1800 648 1.

365 673 609 724 ἀριθμητικῆς
633 675 860 725 εἰσαγωγῆς.
920 673 1036 713 Inter
1071 672 1333 729 Pythagorea
1365 674 1590 723 ἀκούσματα
1621 683 1800 713 recenset

365 738 624 778 Jamblichus
652 740 692 779 τί
717 739 761 779 τὸ
792 739 1047 791 σοφώτατον;
1079 738 1250 791 ἀριθμὸς,
1279 738 1331 779 de
1360 739 1434 780 vit.
1466 739 1644 795 Pythag.
1675 754 1711 778 c.
1735 749 1799 792 17.

367 804 489 854 Quod
508 819 605 845 vero
623 805 676 845 ad
696 816 902 845 auctorem
924 804 1208 846 Arithmeticae
1229 814 1396 860 spectat,
1417 815 1527 854 sunt,
1549 805 1623 860 qui
1644 804 1801 844 Miner-

365 885 456 910 vam
488 885 537 910 eo
567 870 730 910 nomine
767 870 952 920 laudent,
984 871 1081 911 Liv.
1111 882 1149 924 7.
1180 884 1221 925 3.
1254 886 1378 927 eoque
1412 872 1622 912 Minerva>
1654 872 1800 926 templo

363 936 542 977 dicatam
575 937 720 992 legem,
749 938 849 992 quia
878 951 1077 977 numerus
1111 951 1139 976 a
1169 937 1368 978 Minerva
1396 939 1589 978 inventus
1616 939 1700 984 sit3
1732 937 1799 978 alii

365 1002 643 1053 Palamedem,
663 1002 715 1043 de
739 1018 823 1058 quo
843 1002 977 1053 Plato,
1003 1001 1026 1053 ἢ
1056 1003 1123 1043 οὐκ
1153 1004 1384 1054 ἐννενόηκας
1409 1005 1468 1044 ὅτι
1497 1004 1619 1056 φησὶν
1637 1003 1800 1055 ἀριθμὸν

365 1069 500 1120 εὑρών.
532 1067 752 1124 Sophocles
772 1068 824 1108 de
843 1068 985 1109 eodem
1009 1067 1080 1123 [fr.
1100 1070 1218 1125 379]

476 1156 586 1198 οὗτος
605 1154 636 1195 δ’
659 1157 800 1208 ἐφεῦρε
819 1159 957 1210 τεῦχος
974 1156 1141 1210 Ἀργείῳ
1163 1159 1313 1212 στρατῷ

478 1222 652 1273 σταθμήν
672 1221 702 1262 τ’
728 1223 960 1277 [ο-ταθμῶν,]
985 1225 1153 1276 ἀριθμῶν
1174 1224 1235 1264 καὶ
1253 1223 1403 1276 μέτρων
1423 1223 1614 1276 εὑρήματα

477 1286 617 1329 κάκεῖν’
640 1287 767 1338 ἔτευξε
787 1297 862 1330 etc.

363 1374 585 1431 Euripides
603 1375 643 1415 in
666 1375 888 1416 Phoenissis
907 1387 1005 1431 545.

475 1466 537 1506 καὶ
556 1467 631 1518 γὰρ
650 1464 753 1518 μέτρ’
775 1466 1027 1518 ἀνθρώποισι,
1050 1467 1113 1507 καὶ
1131 1467 1227 1519 μέρη
1248 1470 1430 1516 σταθμῶν

476 1533 606 1583 ἰσότης
627 1532 752 1582 ἔταξε,
774 1532 959 1584 κάριθμὸν
978 1533 1145 1583 διώρισε.

361 1619 421 1659 Et
442 1618 641 1660 Manilius
659 1633 701 1670 4,
726 1630 819 1672 207.

476 1696 558 1742 Qui
572 1697 739 1751 primus
757 1710 948 1737 ‘numeros
967 1697 1102 1745 rebus,
1123 1697 1194 1751 qui
1214 1698 1384 1737 nomina
1403 1698 1574 1736 summis

471 1763 688 1817 Imposuit,
709 1769 942 1819 certumque
960 1763 1137 1813 modum,
1150 1763 1428 1818 propriasque
1431 1764 1625 1818 figuras.

362 1840 581 1881 STANL.

415 1905 687 1960 σοφισμάτων]
723 1906 975 1958 νοφισμάτων
996 1906 1063 1946 Μ.
1107 1906 1254 1946 Veram
1276 1905 1517 1962 scripturam
1548 1906 1588 1946 in
1614 1906 1795 1961 margine

357 1972 571 2028 adscripsit
589 1986 734 2012 manus
753 1972 962 2012 recentior.
1007 1971 1246 2022 Scholiasta,
1268 1972 1460 2025 γράφεται
1489 1973 1551 2013 καὶ
1571 1972 1792 2025 νοσφισμά-

358 2052 447 2080 των·
480 2040 543 2079 καὶ
561 2039 635 2091 γάρ
662 2055 718 2081 τις
743 2038 886 2090 μέτρον
915 2039 1116 2090 γινώσκων
1145 2041 1221 2078 τῶν
1246 2038 1480 2090 πραγμάτων
1513 2039 1629 2079 αὐτοῦ
1653 2039 1794 2079 οὔποτε

358 2108 425 2145 τοῦ
446 2105 590 2147 εἰκότος
611 2103 781 2144 ἐκπέσοι.

414 2171 513 2221 460.
536 2169 711 2225 ἐξεῦρον]
737 2169 1006 2210 Scribendum
1028 2168 1189 2222 ἐξηῦρον
1208 2184 1259 2210 ex
1281 2168 1432 2210 Stobaei
1455 2168 1597 2209 Floril.
1620 2170 1689 2218 81,
1715 2183 1748 2210 1.

413 2236 646 2289 γραμμάτων
685 2253 727 2276 τε
762 2235 985 2289 συνθέσεις]
1030 2237 1099 2276 Ita
1138 2235 1350 2276 Cedrenus
1387 2251 1430 2291 p.
1461 2236 1527 2276 66.
1568 2237 1794 2288 Προμηθεὺς

357 2303 634 2356 γραμματικὴν,
652 2304 704 2345 ὤς
723 2309 861 2356 φασιν,
885 2304 1050 2355 ἐξεῦρεν·
1081 2310 1121 2342 et
1139 2302 1307 2342 Suidas:
1341 2302 1568 2355 Προμηθεὺς
1588 2303 1676 2355 εὗρε
1694 2307 1793 2355 πρῶ-

357 2386 423 2412 τος
451 2370 520 2420 τὴν
540 2369 804 2422 γραμματικὴν
834 2370 1089 2421 φιλοσοφίαν.
1140 2368 1227 2409 Alii
1256 2368 1308 2409 ad
1337 2367 1436 2409 alios
1464 2368 1657 2409 referunt.
1707 2369 1791 2409 Pli-

359 2436 451 2476 nius
481 2437 540 2476 H.
572 2437 627 2476 N.
651 2446 692 2488 7,
716 2437 784 2490 56.
820 2436 987 2476 Lz'teras
1020 2449 1180 2489 semper
1214 2436 1398 2476 arbitror
1428 2436 1790 2490 Assyriassuisse,

357 2504 428 2543 sed
456 2503 532 2542 alie:
559 2504 676 2557 apud
704 2503 937 2558 AEgyptz'os
970 2515 998 2541 a
1027 2502 1255 2550 Mercurio,
1288 2508 1335 2542 ut
1367 2502 1538 2551 Gellius,
1573 2503 1649 2542 aliz·
1679 2504 1793 2558 apud

358 2569 491 2623 Syros
513 2575 699 2624 reperta-s·
723 2569 880 2608 volunt.
939 2566 1161 2622 Euripides
1189 2567 1241 2607 ad
1272 2566 1546 2618 Palamedem,
1567 2569 1685 2624 cujus
1715 2569 1793 2610 sub

359 2649 529 2689 persona
549 2634 606 2675 ita
624 2634 807 2690 loquitur
826 2634 973 2689 fragm.
997 2645 1036 2674 2.

471 2715 518 2752 τέι
534 2715 603 2762 ,τῆς
622 2729 668 2764 γε
688 2711 808 2763 λήθης
830 2709 997 2763 φάρμακ’
1019 2710 1195 2761 ὀρθώσας
1214 2712 1347 2760 μόνον,

472 2779 611 2830 ἄφωνα
632 2779 694 2819 καὶ
714 2781 919 2830 φωνοῦντα
939 2777 1146 2826 συλλαβὰς
1165 2777 1282 2819 τιθεὶς
1301 2777 1525 2831 [συλλαβάς
1545 2794 1586 2818 τε
1607 2776 1700 2829 θείς]

473 2844 627 2896 ἐξεῦρον
647 2845 883 2896 ἀνθρώποισι
902 2841 1088 2895 γράμματ’
1111 2841 1266 2883 εἰδέναι.

359 2919 576 2959 STANL.
624 2919 856 2971 γραμμάτων
876 2920 918 2959 δὲ
940 2919 1125 2960 σύνθεσιν
1147 2920 1344 2961 Stobaeus.
