1898 3256
377 205 460 246 288
847 211 1339 253 ANNOTATIONES

376 317 545 370 ἆσκέρας
566 319 780 371 εὐμάριὸας.
833 322 1065 377 Corripitur
1085 333 1218 364 tamen
1243 324 1295 365 ab
1316 323 1543 380 Antipatro
1561 324 1601 365 in
1623 326 1810 367 Analect.

375 383 456 424 vol.
481 396 518 425 2.
539 399 579 440 p.
603 386 667 427 28.
700 387 925 429 BLOMF.

431 453 528 492 661.
549 452 698 508 τιάρας]
720 453 850 506 τιήρας
871 457 936 497 Μ.
957 466 998 497 et
1018 472 1086 497 sex
1108 456 1187 498 alii.

431 519 527 573 663.
549 521 800 576 πιφαύσκων]
822 523 1032 575 πιφάσκων
1051 524 1207 580 aliquot
1227 525 1347 566 codd.
1370 534 1411 566 et
1432 525 1532 566 Ald.
1555 527 1691 567 Turn.

430 588 525 637 664.
547 587 683 641 πάτερ]
709 593 838 641 περῶν
860 591 999 646 Mosq.
1022 599 1062 631 et
1083 591 1192 632 Rob.

430 655 618 705 Δαρειᾶν,
658 654 715 711 οἳ]
759 655 831 696 Ad
871 656 980 697 hunc
1019 656 1152 698 locum
1191 659 1412 714 respexisse
1452 658 1614 699 videtur
1648 659 1810 701 Aristo—

371 718 525 774 phanes
546 721 651 761 Ran.
676 723 794 762 1028.
816 738 859 763 re
879 722 919 763 in
941 723 1157 764 ridiculum
1178 725 1352 774 detorsa,

485 819 631 872 ἐχάρην
651 824 746 872 γοῦν
766 821 860 872 ἡνίκ’
883 834 908 859 ἐκ
942 834 968 859 at<
999 834 1024 859 ι*
1053 835 1076 861 ἐκ
1111 836 1136 861 ³1²
1164 825 1252 877 περὶ
1273 826 1441 878 Δαρείου
1461 828 1681 875 τεθνεῶτος,

484 887 505 926 ὁ
525 886 644 939 χορὸς
663 886 694 927 δ’
717 888 826 931 εὐθὺς
845 890 896 929 τὼ
915 890 1013 944 χεῖρ’
1036 892 1102 932 ὡδὶ
1122 892 1360 944 ξυγκρούσας
1381 891 1489 932 εἶπεν
1510 893 1624 932 ἰαυοῖ.

370 993 442 1034 ubi
464 1009 566 1035 vana
592 995 722 1037 multa
749 999 964 1040 commenti
998 1009 1093 1040 sunt
1120 999 1374 1055 grammatici
1395 1010 1550 1042 veteres
1569 1000 1621 1042 de
1647 1001 1808 1043 duabus

369 1060 488 1102 valde
506 1062 612 1103 inter
633 1078 674 1104 se
693 1064 861 1106 diversis
882 1067 1101 1108 Persarum
1124 1066 1384 1117 editionibus,
1403 1082 1578 1122 quorum
1600 1067 1808 1124 opiniones

367 1126 408 1168 in
425 1127 585 1170 scholiis
605 1141 701 1171 sunt
721 1132 928 1187 expositae,
951 1134 1138 1174 refutatae
1157 1141 1294 1174 autem
1310 1133 1363 1174 ab
1380 1134 1422 1174 Ν
1425 1133 1530 1175 aekio
1548 1133 1590 1175 in
1610 1135 1807 1190 prooemio

366 1193 511 1236 indicis
549 1195 768 1238 lectionum
800 1199 1078 1241 Bonnensium
1110 1199 1342 1241 aestivarum
1372 1216 1410 1242 a.
1436 1201 1559 1256 1832.
1616 1201 1805 1243 Eandem

367 1263 632 1318 quaestionem
653 1266 914 1321 postmodum
938 1267 1125 1309 tractavit
1142 1267 1388 1308 Welckerus
1407 1267 1448 1308 in
1468 1269 1806 1314 commentatione

366 1327 598 1370 doctissima
617 1330 668 1371 de
689 1331 839 1382 Persis,
860 1347 955 1388 quae
977 1333 1116 1374 Musei
1147 1333 1335 1374 Rhenani
1357 1333 1553 1375 volumini
1580 1334 1726 1390 quinto
1744 1344 1806 1376 est

365 1392 528 1437 inserta.
587 1397 759 1438 Lacuna
783 1409 876 1454 post
904 1399 1000 1450 ἡνίκ’
1021 1400 1073 1441 ab
1094 1415 1159 1441 me
1188 1399 1364 1441 indicata
1382 1401 1587 1455 quomodo
1601 1401 1805 1456 explenda

365 1461 418 1503 sit
446 1477 526 1503 non
556 1462 699 1519 liquet.
760 1466 811 1506 In
842 1465 955 1507 libris
979 1466 1098 1507 lectio
1126 1475 1187 1507 est
1216 1481 1265 1507 ex
1296 1465 1536 1521 glossemate
1564 1467 1675 1508 illata
1707 1467 1802 1519 ἡνίκ’
1834 1472 1837 1474 ’

364 1527 527 1579 ἤκουσα,
556 1530 623 1571 cui
646 1530 686 1571 in
711 1531 874 1573 duobus
895 1532 1044 1574 infimae
1070 1532 1201 1574 aetatis
1226 1532 1434 1574 codicibus
1460 1533 1555 1583 ἡνίκ’
1576 1533 1805 1585 ἀπηγγέλθη

365 1604 426 1636 est
460 1596 744 1648 substitutum,
778 1614 874 1655 quae
905 1599 1163 1656 interpolatio
1193 1614 1244 1640 ex
1281 1599 1542 1640 annotatione
1580 1598 1804 1641 scholiastae

364 1662 491 1704 ducta
518 1673 593 1714 est,
625 1667 669 1706 ἐν
702 1670 781 1709 τοῖς
809 1666 1039 1719 φερομένοις
1072 1667 1274 1720 Αἰσχύλου
1305 1666 1479 1719 Πέρσαις
1513 1667 1601 1708 οὔτε
1634 1667 1804 1719 Δαρείου

365 1729 531 1774 θάνατος
559 1731 854 1784 ἀπαγγέλλεται
874 1734 962 1774 οὔτε
986 1735 1007 1774 ὁ
1031 1733 1149 1787 χορὸς
1173 1735 1243 1776 τὰς
1270 1738 1405 1787 χεῖρας
1423 1734 1666 1786 συγκρούσας
1696 1733 1803 1774 εἶπεν

365 1798 478 1838 ἰαυοῖ.
530 1798 828 1854 Aristophanes
857 1799 1027 1840 fortasse
1057 1799 1269 1855 scripserat
1299 1800 1444 1853 ἐχάρην
1471 1802 1568 1852 γοῦν
1594 1798 1690 1851 ἡνίκ’
1715 1799 1802 1840 ἄϊον

364 1864 441 1917 ἐγὼ
461 1865 549 1917 περὶ
570 1868 738 1918 Δαρείου
758 1870 978 1909 τεθνεῶτος.
1038 1868 1104 1908 De
1125 1882 1313 1908 mensura
1333 1867 1444 1908 verbi
1465 1869 1565 1917 ἄϊον,
1587 1866 1699 1922 quod
1719 1881 1800 1906 non

362 1931 539 1972 alienum
580 1932 632 1973 ab
667 1933 881 1989 anapaestis
920 1934 1163 1975 tetrametris
1202 1933 1342 1975 haberi
1374 1942 1522 1989 potest,
1558 1933 1716 1974 dicetur
1747 1932 1801 1973 ad

365 1999 553 2055 AEschyli
575 2001 701 2041 Eum.
719 2001 813 2052 844.
846 2001 1140 2055 Imperfectum
1161 2009 1296 2041 autem
1320 2001 1408 2042 ἄϊον
1426 2011 1647 2056 augmento
1665 2015 1801 2041 carere

362 2080 386 2106 a
423 2066 700 2120 grammaticis
732 2069 989 2108 observatum
1029 2077 1112 2108 est:
1164 2083 1203 2109 v.
1237 2069 1416 2108 Cramer.
1451 2067 1614 2108 Anecd.
1646 2067 1728 2108 vol.
1762 2081 1798 2108 1.

362 2147 404 2187 p.
425 2133 491 2172 86.

418 2200 514 2253 665.
536 2198 648 2239 καινά
667 2199 723 2253 τε]
747 2199 891 2240 Lectio
912 2209 1111 2255 suspecta.
1144 2199 1241 2241 καίν’
1263 2201 1365 2253 ἄλγη
1385 2201 1578 2256 Engerus
1597 2215 1638 2256 p.
1658 2213 1726 2255 33.

417 2265 515 2320 ἄχη]
539 2266 640 2318 ἄχθη
661 2274 741 2306 tres
762 2265 880 2307 codd.

418 2334 514 2385 667.
536 2333 741 2387 δεσπότου]
766 2332 902 2373 Schol.
924 2336 992 2373 τοῦ
1014 2332 1172 2385 Ξέρξου.

418 2400 513 2451 669.
547 2416 603 2442 τις
634 2399 709 2439 hoc
738 2400 827 2440 loco
862 2399 1001 2455 Steph.
1035 2409 1076 2440 et.
1107 2399 1265 2440 codices
1295 2398 1480 2455 plerique
1512 2413 1663 2446 omnes,
1703 2409 1796 2455 post

360 2467 484 2520 ἀχλύς
503 2466 604 2506 Ald.
626 2466 736 2507 Rob.
761 2468 895 2506 Turn.

417 2533 558 2587 ἀχλὺς]
592 2534 615 2584 ἡ
644 2537 719 2574 τῶν
749 2535 964 2586 ὀφθαλμῶν
985 2534 1185 2575 σκότωσις.
1236 2532 1497 2589 Apollonius,
1519 2547 1569 2572 ex
1603 2531 1722 2572 Iliad.
1746 2535 1794 2582 E,

359 2601 456 2653 696.
489 2601 551 2641 ἐπὶ
583 2600 613 2640 δ’
645 2602 861 2653 ὀφθαλμῶν
893 2598 1017 2653 κέχυτ’
1050 2601 1182 2653 ἀχλύς.
1215 2609 1255 2640 et
1289 2599 1343 2640 sic
1374 2599 1483 2639 alibi.
1544 2598 1627 2639 Hic
1656 2608 1791 2638 autem

358 2664 538 2720 intellige
571 2666 722 2706 doloris
756 2667 916 2714 nubem,
946 2665 1008 2706 vel
1039 2666 1158 2706 etiam
1190 2667 1483 2721 lacrymarum.
1530 2664 1663 2705 Theb.
1697 2677 1792 2719 213.

358 2732 528 2772 πολλάκι
561 2731 591 2773 δ’
623 2734 666 2773 ἐν
696 2737 848 2774 κακοῖσι
880 2733 949 2773 τὸν
983 2732 1187 2786 ἀμάχανον
1215 2732 1286 2773 Ἐκ
1315 2735 1492 2785 χαλεπᾶς
1522 2732 1625 2778 δύας,
1661 2729 1790 2783 ὕπερθ’

357 2798 539 2850 ὀμμάτων
559 2799 828 2851 κρημναμέναν
855 2802 1042 2851 νεφελᾶν,
1065 2800 1184 2851 ὀρθοῖ.
1216 2800 1353 2839 Prom.
1381 2810 1471 2851 147.
1494 2798 1664 2844 λεύσσω,
1687 2801 1792 2849 Προ-

355 2868 490 2915 μηθεῦ·
521 2868 677 2918 φοβερὰ
698 2866 728 2906 δ’
752 2867 903 2917 ἐμοῖσιν
923 2868 1060 2909 ὄσσοις
1079 2867 1227 2920 ὀμίχλα
1245 2867 1415 2917 προσῇξε
1439 2865 1586 2918 πλήρης
1604 2866 1806 2917 δακρύωνμ
