1898 3256
355 202 440 244 300
824 203 1317 246 ANNOTATIONES

355 315 399 356 ἐν
419 316 537 369 ὁμοίῳ
559 313 744 362 ἐποιέετο,
768 315 956 368 ἐμπιπράς
976 332 1018 356 τε
1039 317 1100 357 καὶ
1121 313 1382 366 καταβάλλων
1401 316 1477 354 τῶν
1492 315 1592 355 θεῶν
1605 314 1653 354 τὸ,
1666 312 1790 365 ἀγάλ-

351 397 465 432 ματα.
499 381 717 422 STANL.

411 448 506 488 810.
527 447 615 488 οὐδὲ
634 447 848 499 πιμπράναι
868 448 978 502 νεῶς]
998 449 1144 488 Persas
1164 447 1408 489 Graecorum
1428 446 1580 502 templa
1599 445 1790 501 spoliasse

353 522 394 554 et
413 529 608 554 cremasse
627 530 651 554 a
671 514 857 555 Diodoro
879 514 1015 555 Siculo
1035 514 1244 570 proditum
1271 522 1332 554 est
1351 527 1394 567 5,
1416 515 1484 568 63.
1544 514 1611 554 De
1639 511 1790 567 quibus

352 580 473 621 etiam
496 581 695 621 Isocrates
718 580 760 620 in
781 582 983 636 Panegyr.
1006 595 1048 636 p.
1069 591 1160 634 105.
1191 582 1229 621 οἱ
1258 581 1300 620 δὲ
1331 580 1393 621 καὶ
1418 582 1466 620 τὰ
1494 583 1569 619 τῶν
1595 582 1694 620 θεῶν
1724 578 1790 629 ἕδη

355 648 415 688 καὶ
434 647 521 689 τοὺς
541 645 634 690 νεῶς
655 651 782 688 συλᾶν
802 649 846 688 ἐν
863 650 914 702 τῷ
935 646 1107 701 προτέρῳ
1126 646 1284 701 πολέμῳ
1306 647 1368 687 καὶ
1388 647 1609 687 κατακαίειν
1630 646 1790 696 ἐτόλμη-

353 731 443 754 σαν.
502 713 628 754 Unde
652 713 891 754 Alexander
920 713 1029 768 apud
1062 713 1252 754 Curtium
1273 726 1316 768 3,
1338 726 1401 763 10,
1424 726 1461 767 9.
1492 711 1679 767 queritur
1708 711 1791 752 diis

352 780 490 820 dedita
511 780 660 834 templa
680 781 819 820 ruinis
839 786 878 820 et
897 780 1066 833 ignibus
1089 779 1161 833 (ab
1180 779 1296 836 ipsis)
1319 793 1403 820 esse
1429 779 1557 820 deleta
1574 794 1588 824 ;
1621 777 1730 818 unde
1750 785 1791 818 et

355 846 499 888 Cicero
520 858 555 886 2.
574 846 614 887 in
637 847 754 887 Verr.
777 862 844 887 eos
871 847 954 887 diis
977 847 1284 902 hominibusque
1313 847 1459 887 bellum
1488 846 1693 886 indim'sse
1719 844 1789 885 ait.

354 915 447 964 Qua
465 929 562 954 vero
582 914 735 955 ratione
753 914 830 955 hoc
849 914 1000 955 factum
1023 913 1149 955 velint
1169 913 1246 968 ipsi
1266 914 1416 962 Persae,
1437 913 1489 953 ab
1510 912 1651 953 eodem
1673 911 1791 952 disci-

352 995 458 1030 mus,
480 980 531 1021 de
552 979 700 1036 Legib.
724 993 762 1031 2,
781 993 844 1021 10.
904 982 994 1022 Nec
1022 995 1182 1036 sequor,
1209 980 1357 1035 inquit,
1382 993 1525 1035 magos
1545 979 1789 1030 Persarum,

352 1048 499 1103 quibus
518 1048 754 1089 auctoribus
773 1048 829 1088 X
824 1061 941 1089 ermes
962 1049 1240 1103 inflammasse
1259 1047 1408 1102 templa
1434 1048 1602 1087 Graeciae
1621 1046 1791 1096 dicitur,

352 1115 459 1170 quod
482 1115 714 1168 parietibus
740 1115 993 1156 includerent
1021 1115 1129 1164 deos,
1147 1115 1295 1170 quihus
1323 1115 1463 1154 onmia
1492 1113 1678 1153 deberent
1705 1126 1790 1154 esse

343 1182 540 1237 patentia
559 1188 599 1222 et
618 1182 758 1222 libera.
795 1180 932 1221 Aliam
955 1191 1088 1221 tamen
1111 1195 1273 1221 causam
1293 1179 1470 1235 assignat
1491 1178 1730 1220 Herodotus
1746 1189 1789 1234 5,

357 1261 450 1290 102.
480 1263 628 1303 nempe
657 1248 755 1303 quia
778 1247 1052 1288 Athenienses
1083 1247 1280 1288 Sardibus
1309 1246 1443 1302 ignem
1474 1245 1718 1296 intulissent,
1749 1255 1790 1288 et

353 1315 552 1370 templum
590 1315 766 1371 Cybeles
799 1315 1001 1371 indigenae
1034 1315 1122 1355 deae
1154 1322 1489 1355 concremassent.
1531 1314 1592 1354 καὶ
1630 1313 1792 1366 Σάρδιες

352 1383 438 1433 μὲν,
459 1381 604 1437 inquit,
628 1381 935 1434 ἐνεπρήσθησαν,
957 1383 1000 1422 ἐν
1030 1382 1072 1422 δὲ
1098 1382 1235 1432 αὐτῇσι
1265 1381 1326 1422 καὶ
1357 1381 1440 1432 ἱρὸν
1466 1380 1670 1433 ἐπιχωρίης
1700 1382 1791 1421 θεοῦ

355 1448 554 1500 Κυβήβης.
587 1449 806 1489 STANL.

413 1515 508 1555 811.
540 1514 572 1555 θ’
601 1530 680 1555 om.
712 1524 792 1555 tres
821 1514 957 1564 codd„
986 1515 1092 1555 inter
1120 1529 1224 1570 quos
1245 1514 1312 1563 M,
1333 1521 1374 1554 et
1393 1511 1496 1553 Ald.
1516 1511 1670 1567 Agam.
1692 1521 1791 1567 527.

353 1581 481 1632 βωμοὶ
501 1580 531 1622 δ’
554 1581 683 1622 ἄϊστοι
702 1582 765 1622 καὶ
785 1584 885 1622 θεῶν
907 1581 1102 1634 ἱδρύματα.

413 1648 508 1701 813.
532 1647 760 1702 δράσαντες]
780 1647 1028 1700 πράσσοντες
1046 1646 1147 1688 Ald.
1170 1646 1266 1687 sola.

412 1714 506 1768 815.
547 1715 763 1755 ἐκπιδύεται
798 1713 1054 1755 Schuetzius.
1113 1713 1231 1754 Libri
1265 1713 1540 1759 ἐκπαιὸεύεται,
1573 1710 1686 1766 quod
1717 1725 1793 1766 per

356 1782 510 1831 αὔξεται
529 1781 703 1837 explicat
723 1780 949 1822 scholiasta.
1010 1785 1036 1805 “
1060 1781 1205 1835 Imago
1223 1779 1329 1819 enim
1350 1778 1479 1834 petita
1497 1787 1557 1818 est
1575 1793 1626 1818 ex
1645 1787 1791 1818 natura

354 1848 540 1888 fonticuli
560 1858 631 1888 aut
653 1848 779 1903 putei,
795 1847 866 1903 qui
886 1862 966 1888 non
988 1846 1102 1902 prius
1121 1846 1375 1896 exhauritur,
1396 1860 1520 1901 quam
1541 1844 1593 1886 ad
1611 1843 1790 1884 fundum

354 1915 623 1970 perveneris.”
655 1916 786 1956 SCH.

413 1982 508 2023 816.
548 1981 835 2034 αἱματοσταγὴς
871 1980 1120 2036 adscriptum
1160 1979 1202 2020 in
1242 1981 1293 2021 Β.
1332 1988 1373 2020 et
1412 1979 1608 2020 Cantabr.
1643 1977 1789 2033 primo.

359 2047 493 2103 Vulgo
513 2048 822 2101 αἰματοσφαγής.

413 2115 508 2168 817.
531 2116 598 2171 γῇ]
618 2118 671 2167 γᾶ
690 2114 792 2155 Ald.
812 2114 923 2155 Rob.
952 2117 1028 2166 γῆν
1049 2114 1100 2154 Β.

413 2180 641 2235 Πλαταιῶν]
662 2180 842 2221 πλατέων
864 2181 927 2220 Μ.

413 2247 602 2302 Δωρίδος]
623 2246 806 2300 δωριάδος
825 2247 892 2288 Μ.
910 2245 1060 2301 aliique
1079 2243 1279 2286 nonnulli.
1338 2242 1459 2284 Conf.
1478 2242 1531 2283 ad
1549 2257 1587 2283 V.
1612 2254 1704 2295 270.

413 2314 509 2354 818.
566 2318 711 2366 νεκρῶν
758 2313 816 2368 δὲ]
866 2314 908 2354 δὲ
965 2316 1110 2365 νεκρῶν
1160 2311 1304 2366 Steph.
1353 2317 1394 2351 et
1440 2324 1535 2365 pars
1587 2308 1790 2359 codicum,

355 2395 435 2421 non
458 2381 523 2420 M.

413 2447 508 2501 819.
542 2446 799 2501 σημανοῦσιν]
835 2449 1092 2498 σημαινοῦσιν
1126 2444 1214 2498 (sic)
1251 2458 1300 2485 ex
1333 2444 1399 2484 M.
1431 2442 1613 2484 affertur.
1650 2441 1788 2493 σημαί-

356 2530 490 2555 νουσιν
510 2515 650 2569 Mosq.

413 2580 509 2621 820.
531 2580 621 2634 χρὴ]
643 2583 704 2620 δεῖ
723 2579 823 2620 Ald.
847 2579 943 2620 sola.

410 2646 600 2700 ὑπέρφευ]
624 2648 767 2701 Supra
787 2646 964 2687 modum.
985 2644 1210 2701 Phrynich.
1232 2646 1437 2700 Apparat.
1462 2642 1641 2698 Sophist.
1662 2656 1705 2697 p.
1720 2651 1788 2695 51.

356 2713 494 2762 Μηδὲν
522 2712 706 2764 ὑπέρφευ.
739 2716 940 2763 Κρατῖνος.
971 2712 1035 2752 ἐπὶ
1068 2711 1189 2764 (ἀντί)
1223 2713 1291 2751 τοῦ
1317 2711 1437 2761 μηδὲν
1457 2710 1569 2762 ἄγαν.
1590 2718 1631 2749 et
1656 2723 1696 2764 p.
1719 2710 1785 2762 69.

354 2776 475 2831 ’Ὑπὲρ
494 2779 537 2819 τὸ
559 2783 645 2831 φεῦ.
676 2779 760 2819 οἷον
786 2779 1114 2830 ὑπερβαλλόντως
1144 2777 1213 2819 καὶ,
1235 2778 1503 2828 ἐκπληκτικῶς.
1536 2775 1579 2816 τὸ
1609 2776 1683 2827 γὰρ
1713 2777 1789 2826 φεῦ

358 2845 421 2885 ἐπὶ
442 2845 658 2896 ἐκπλήξεως
678 2846 836 2890 τίθεται,
869 2844 1096 2886 BLOMF.
