1898 3256
586 234 676 275 AD
709 231 1189 275 PROMETHEUM.
1539 231 1621 272 101

154 345 215 386 uti
237 344 454 395 vocabule,
475 344 591 401 quod
620 344 756 401 ipsum
788 343 1028 386 Brunckius
1057 342 1198 400 posuit
1227 357 1279 384 ex
1309 342 1548 398 conjectura
1578 343 1624 383 οὐ

152 415 229 465 γὰρ
250 413 409 466 θεμιτὸν
436 412 631 454 αὐδᾶσθαι
650 411 757 460 τάδε,
778 411 929 454 collato
951 410 1079 467 Soph.
1102 410 1206 452 OEd.
1229 411 1286 451 T.
1307 423 1407 466 993.
1430 409 1454 462 ἢ
1474 411 1619 463 ῥητόν;

151 479 176 532 ἢ
197 481 287 535 οὐχὶ
308 481 468 534 θεμιτὸν
488 482 618 522 ἄλλον
640 479 785 522 εἰδέναι
802 496 813 527 ;

211 550 308 604 768.
336 549 450 591 Citat
479 549 520 588 T
523 558 640 590 zetza
668 549 723 590 ad
748 547 960 605 Lycophr.
989 547 1083 601 178.
1118 546 1230 588 unde
1258 545 1388 588 lector
1417 545 1627 603 mytholo-

152 616 262 673 giam
285 617 337 658 de
359 616 556 658 Thetidis
576 616 734 672 nuptiis
754 627 932 672 quaerat,
949 624 990 657 et
1011 630 1062 657 ex
1086 614 1265 656 Bentleii
1281 622 1380 656 nota
1397 615 1450 656 ad
1470 616 1623 656 Horat.

156 686 295 726 Carm.
318 699 355 736 1,
378 698 444 735 12,
466 699 530 740 19.
562 685 795 726 BLOMF.

215 763 310 807 770.
343 754 389 794 οὐ
420 756 515 804 δῆτα
544 753 638 806 πρὶν
667 752 787 806 ἔγωγ’
818 752 868 794 ἂν
893 754 936 794 ἐκ
967 755 1123 804 δεσμῶν
1142 750 1294 805 λυθείς]
1321 751 1441 792 Inter
1460 751 1554 804 πρὶν
1575 750 1625 793 ἂν

157 820 289 875 ἔγωγ’,
309 822 403 875 πρὶν
424 820 538 875 ἔγωγ’
563 820 625 869 ἂν,
647 831 689 861 et
715 820 822 871 πλὴν
851 818 966 874 ἔγωγ’
990 820 1039 861 ἂν
1065 818 1272 860 fluctuant
1301 818 1410 867 libri,
1442 835 1624 875 quorum

153 888 223 930 alii
241 892 349 930 λυθῶ
369 887 438 929 alii
464 888 599 930 λυθεὶς
624 886 835 928 exhibent.
898 884 981 926 Sed
1012 884 1258 941 exquisitius
1278 883 1446 926 videtur
1475 886 1623 936 λυθεὶς,

153 956 270 1013 quod
318 955 504 1013 praetulit
546 957 772 1005 Porsonus,
815 953 968 995 scilicet
1019 963 1064 994 ut
1103 952 1345 993 Promethei
1394 968 1624 995 sermonem

153 1025 376 1081 abrumpat
408 1024 546 1065 subita
580 1024 657 1064 Ius
691 1021 974 1078 interrogatio,
1005 1022 1078 1065 Τίς
1108 1022 1179 1062 οὗν
1208 1022 1229 1061 ὁ
1259 1021 1397 1062 λύσων
1428 1020 1465 1061 σ’
1498 1022 1622 1070 ἐστὶν,

154 1093 318 1136 ἄκοντος
339 1093 436 1135 Διός
454 1110 463 1139 ;
518 1090 601 1132 Sed
630 1089 955 1147 praecedentium
977 1089 1199 1130 verborum
1231 1088 1452 1145 scriptura,
1473 1099 1626 1146 praeter

155 1159 275 1201 metri
305 1159 529 1210 defectum,
562 1174 611 1199 eo
640 1158 762 1199 etiam
794 1157 959 1198 nomine
990 1156 1135 1198 vitiosa
1168 1166 1246 1207 est,
1279 1157 1394 1212 quod
1427 1156 1626 1200 inusitato

154 1227 299 1268 ordine
321 1226 521 1268 vocabula
541 1225 727 1267 collocat.
774 1224 891 1266 Nihil
913 1224 1020 1266 enim
1043 1224 1151 1266 inter
1171 1226 1263 1277 πρὶν
1284 1234 1325 1265 et
1347 1224 1397 1266 ἂν
1417 1224 1624 1281 interponi

154 1294 294 1345 debet,
320 1294 397 1335 nisi
428 1292 643 1349 particula.
704 1294 814 1334 Cum
845 1292 940 1334 cod.
964 1292 1196 1343 Mediceus,
1218 1292 1420 1341 omnium,
1443 1302 1492 1334 ut
1511 1293 1626 1335 vide-

155 1371 239 1413 tur,
278 1361 656 1419 praestantissimus,
691 1360 844 1416 aliique
884 1360 971 1401 duo
1003 1359 1111 1411 πλὴν
1145 1360 1261 1414 ἔγωγ’
1299 1361 1349 1402 ἂν
1383 1361 1624 1413 exhibeant,

155 1429 341 1487 suspicor
371 1428 574 1485 tragicum
603 1428 825 1485 scripsisse,
847 1429 908 1470 Οὐ
939 1431 1047 1480 δῆτα,
1072 1428 1178 1480 πλὴν
1204 1428 1319 1483 ἔγωγ’
1341 1429 1439 1471 ὅταν
1470 1433 1627 1483 δεσμῶν

154 1499 288 1541 λυθεὶς
323 1499 414 1552 (aut
448 1496 593 1549 λυθῶ).
630 1496 750 1548 Πλὴν
780 1497 876 1538 ὅταν
911 1495 1038 1537 habet
1068 1497 1224 1537 Noster
1253 1512 1381 1553 supra
1411 1498 1508 1553 258.
1542 1499 1627 1540 Οὐκ

155 1567 260 1608 ἄλλο
290 1565 329 1619 γ’
355 1566 484 1617 οὐδὲν,
504 1564 611 1616 πλὴν
632 1565 730 1606 ὅταν
757 1567 870 1620 κείνῳ
902 1565 1011 1620 δοκῇ.
1047 1564 1176 1620 Sopb.
1199 1565 1268 1606 El.
1295 1578 1389 1622 293.
1420 1566 1516 1607 Τάδ’
1540 1568 1625 1618 ἐξυ-

155 1635 295 1687 βρίζει,
314 1633 421 1685 πλὴν
441 1634 537 1674 ὅταν
559 1633 657 1684 κλύῃ
677 1632 784 1676 τινὸς
798 1631 962 1684 ”Ηξοντ’
984 1631 1196 1686 Ὀρέστην.
1251 1634 1341 1674 Nec
1362 1633 1500 1676 minus
1521 1635 1627 1677 bene

156 1700 310 1744 dicitur
325 1704 480 1753 δεσμῶν
500 1701 633 1743 λυθεὶς
644 1715 771 1756 quam
792 1702 836 1742 ἐκ
856 1704 1024 1752 δεσμῶν.
1058 1701 1212 1741 Noster
1226 1700 1334 1742 infra
1351 1716 1473 1757 1005.
1496 1705 1632 1745 Λῦσαί

156 1787 206 1822 με
226 1773 381 1822 δεσμῶν
400 1772 536 1810 τῶνδε.
558 1769 712 1810 ELM.
743 1769 850 1820 πλὴν
872 1767 988 1822 ἔγωγ’
1012 1768 1062 1810 ἂν
1082 1768 1125 1809 in
1146 1769 1275 1810 E.M.
1302 1778 1342 1811 et
1374 1769 1508 1811 tribus
1539 1770 1629 1813 aliis

157 1837 369 1879 codicibus
387 1836 554 1892 legitur.
584 1837 677 1889 πρὶν
698 1835 748 1878 ἂν
770 1835 884 1890 ἔγωγ’
907 1836 949 1876 in
965 1836 1146 1878 Vindob.
1169 1837 1304 1893 primo
1324 1849 1365 1879 et
1386 1838 1490 1880 Ald.
1513 1839 1627 1881 Rob.

158 1906 250 1958 πρὶν
272 1903 387 1959 ἔγωγ’
410 1904 460 1946 ἂν
479 1905 522 1945 in
544 1905 658 1945 A.B.
680 1904 911 1961 ceterisque
931 1904 1052 1945 codd.
1075 1914 1116 1946 et
1144 1906 1280 1946 Turn.
1311 1907 1445 1951 λυθεὶς
1474 1907 1516 1949 in
1541 1907 1629 1949 solo

157 1973 312 2030 legitur
333 1974 398 2015 M.
420 1983 462 2014 et
483 1972 594 2014 Rob.
623 1972 877 2029 adscriptum
909 1982 971 2014 est
1000 1972 1040 2013 in
1074 1973 1149 2014 B.:
1183 1973 1332 2030 reliqui
1361 1974 1456 2016 libri
1485 1991 1630 2018 omnes

158 2045 278 2084 λυθῶ.
339 2040 463 2092 Quod
498 2040 817 2090 restituendum,
852 2055 927 2081 nec
957 2040 1010 2082 de
1039 2040 1273 2097 interrupta
1302 2042 1488 2085 oratione
1518 2044 1630 2101 cogi-

159 2110 334 2151 tandum
358 2109 428 2151 ubi
448 2124 530 2150 non
551 2119 726 2165 apparet
749 2107 853 2164 quid
882 2107 1061 2165 amplius
1091 2108 1171 2150 dici
1202 2109 1395 2152 debuerit
1424 2127 1553 2168 quam
1586 2114 1630 2154 ἐκ

159 2181 317 2231 δεσμῶν
342 2181 462 2220 λυθῶ.
524 2178 674 2233 Longe
693 2176 775 2218 alia
794 2176 977 2218 conditio
998 2176 1073 2218 loci
1105 2178 1324 2234 Sophoclei
1345 2179 1417 2235 Aj.
1440 2181 1532 2222 108.
1555 2181 1631 2222 ubi

161 2247 305 2303 Ajacis
340 2247 467 2288 verba
504 2247 596 2299 πρὶν
631 2246 680 2287 ἂν
713 2245 839 2288 δεθεὶς
873 2245 972 2298 πρὸς
1005 2244 1100 2287 κίον’
1135 2247 1287 2297 ἑρκείου
1323 2247 1468 2301 στέγης
1501 2248 1629 2290 inter-

160 2325 416 2371 rumpuntur
436 2314 490 2356 ab
512 2314 709 2355 Minerva
728 2324 942 2370 quaerente
970 2315 1010 2355 τί
1037 2316 1133 2365 δῆτα
1156 2315 1228 2356 τὸν
1251 2316 1444 2367 δύστηνον
1470 2317 1633 2371 ἐργάσει

162 2383 308 2430 κακόν;
341 2391 433 2439 post
462 2398 559 2439 quae
588 2381 726 2438 pergit
750 2382 867 2438 Ajax
896 2381 1059 2435 μάστιγι
1088 2386 1244 2435 πρῶτον
1275 2387 1378 2424 νῶτα
1409 2387 1632 2439 φοινιχθεὶς

162 2449 274 2506 θάνῃ.
336 2450 410 2492 Ad
439 2449 716 2506 praecedentia
746 2450 873 2491 verba
899 2449 1014 2505 quod
1044 2449 1204 2498 attinet,
1227 2450 1373 2492 vitium
1406 2463 1516 2493 recte
1545 2453 1632 2494 ani-

162 2516 385 2558 madvertit
402 2516 642 2567 Elmsleius‚
663 2516 735 2558 sed
756 2531 837 2558 non
861 2516 958 2558 satis
976 2516 1123 2558 dextre
1143 2517 1325 2559 sustulit.
1355 2518 1630 2562 Scribendum

162 2574 208 2625 οὗ
229 2587 336 2636 δῆτα,
358 2583 466 2636 πλὴν
487 2586 557 2626 ἐὰν
579 2585 657 2636 ἐγὼ
675 2583 712 2625 ’κ
741 2587 898 2637 δεσμῶν
924 2587 1045 2626 λυθῶ.
1106 2585 1204 2626 Hoc
1234 2601 1367 2641 quum
1397 2586 1439 2627 in
1472 2587 1522 2628 ἂν
1553 2589 1631 2642 ἐγὼ

164 2653 200 2693 ’κ
221 2651 286 2693 vel
315 2652 365 2693 ἂν
395 2651 509 2706 ἔγωγ’
538 2653 581 2693 ἐκ
610 2662 716 2694 esset
744 2663 1005 2709 corruptum,
1033 2653 1301 2708 postmodum
1333 2653 1629 2712 interpolatum

162 2730 225 2762 est
244 2719 358 2774 ἔγωγ’
381 2720 431 2761 ἂν
451 2722 509 2762 ἐκ.
570 2721 639 2762 De
662 2721 732 2762 ἐὰν
752 2719 969 2777 particulae
995 2735 1190 2761 mensura
1217 2720 1303 2762 dixi
1332 2721 1386 2762 ad
1407 2722 1629 2782 Aristoph.

163 2789 289 2845 Vesp.
313 2788 408 2831 228.

222 2865 320 2910 771.
342 2854 381 2895 σ’
401 2869 484 2896 om.
506 2855 573 2896 M.
596 2864 636 2896 et
656 2854 724 2895 alii
746 2854 948 2896 nonnulli.

222 2934 320 2977 772.
343 2923 534 2977 ἐκγόνων]
562 2923 741 2976 ἐγγόνων
763 2923 812 2964 C.
834 2937 930 2963 cum
953 2937 1040 2963 var.
1062 2921 1154 2965 lect.
1178 2923 1366 2976 ἐκγόνων.

226 3002 320 3046 773.
344 2990 380 3031 σ’
403 3005 484 3032 om.
506 2990 592 3031 duo
613 2989 732 3031 codd.
755 2999 796 3031 et
818 2989 919 3031 Ald.
