1898 3256
294 221 376 260 100
767 204 1256 263 ANNOTATIONE'S

295 331 495 388 scriptura
524 335 712 382 ΠΕΔΟΙ,
742 347 866 388 quam
897 347 971 387 pro
1000 332 1102 386 πέδῳ
1132 340 1373 386 acceperunt
1404 329 1726 385 librarii,·quum

295 403 405 444 πέδοι
424 404 633 460 significet.
680 404 745 445 Sic
764 404 874 445 πέδοι
894 406 936 444 δὲ
955 407 1080 455 βᾶσαι
1099 403 1204 444 dixit
1223 402 1448 458 1²Eschylus
1470 403 1609 442 Prom.
1633 411 1726 453 272,

295 483 375 510 non
397 470 500 525 πέδῳ
520 471 563 510 δὲ
581 473 720 521 βᾶσαι.

354 545 449 590 750.
471 536 637 587 εἰσάπαξ
657 538 792 577 Turn.
824 538 878 578 εἷς
897 536 998 586 ἅπαξ
1019 537 1085 576 Μ.
1107 535 1257 590 aliique
1276 543 1317 576 et
1336 534 1434 575 Ald.
1458 533 1571 574 Rob.

353 612 447 655 754.
467 603 516 654 ἥν
536 602 604 656 ἂν]
627 602 676 643 ἂν
694 602 743 653 ἤν
762 602 918 657 aliquot
937 602 1055 642 codd.
1085 602 1134 652 ἧν
1152 618 1217 652 μοι
1238 601 1346 641 Rob.

354 677 447 722 755.
467 667 552 722 μοι]
574 667 618 708 τὸ
639 668 748 710 Rob.
777 685 842 719 μοι
861 683 942 708 om.
965 667 1142 708 Vindob.
1161 667 1258 708 duo.

353 735 450 787 756.
473 733 632 788 ἐκπέσῃ]
654 734 812 775 ἐκπέσοι
830 733 987 788 aliquot
1006 733 1124 774 codd.

353 809 515 853 757—7
522 810 590 854 59.
621 799 687 839 Ioi
714 799 902 840 tribuunt
930 799 1034 840 libri.
1097 798 1287 840 Correxit
1315 798 1529 839 Dawesius
1552 797 1728 839 Miscell.

294 881 336 920 p.
359 866 455 916 284.

352 932 446 985 758.
476 930 592 988 ἥδοι’]
623 931 744 983 ἥδοιμ’
775 932 878 972 libri.
907 931 1002 983 ἥδοι’
1027 931 1265 972 Dawesius:
1296 940 1421 986 atque
1449 930 1493 971 id
1521 930 1654 986 ipsum
1686 930 1727 970 in

294 998 383 1042 cod.
413 997 546 1039 Viteb.
579 998 774 1054 scriptum
805 1006 880 1047 est,
910 1013 1003 1039 casu
1035 997 1185 1053 potius,
1215 1005 1261 1038 ut
1290 996 1449 1051 opinor,
1471 1011 1595 1051 quam
1625 996 1729 1037 anti-

293 1065 446 1120 quioris
471 1065 563 1105 libri
590 1064 791 1120 exemplo,
813 1074 860 1106 ut
880 1080 929 1105 ex
951 1081 999 1105 eo
1017 1063 1151 1119 colligi
1171 1073 1319 1119 potest,
1341 1063 1454 1119 quod
1475 1063 1540 1103 hic
1561 1078 1729 1118 quoque

293 1132 420 1173 codex
441 1146 606 1187 pravam
628 1141 760 1172 servat
779 1146 1042 1187 personarum
1063 1130 1388 1187 descriptionem.

351 1208 446 1252 759.
467 1197 497 1239 δ’
519 1213 598 1240 om.
623 1199 680 1239 N.

350 1265 490 1320 κακῶς]
513 1265 610 1306 κακά
630 1266 682 1306 L.
700 1265 807 1306 Rob.

349 1333 444 1384 760.
467 1349 529 1373 σοι
547 1331 706 1386 μαθεῖν]
727 1334 866 1382 μαθεῖν
888 1347 952 1371 σοι
971 1330 1127 1385 aliquot
1146 1329 1265 1371 codd.
1286 1338 1327 1370 et
1347 1329 1447 1370 Ald.
1469 1329 1582 1370 Rob.

350 1400 443 1450 762.
466 1398 581 1440 αὐτὸς
599 1398 694 1450 πρὸς
713 1397 849 1452 αὑτοῦ]
871 1396 965 1448 πρὸς
985 1396 1099 1438 αὐτὸς
1118 1397 1234 1436 αὑτοῦ
1253 1397 1316 1437 M.
1333 1405 1373 1436 et
1394 1406 1474 1436 tres
1494 1395 1575 1446 alii,
1597 1395 1724 1436 male:

294 1463 487 1519 Sophocl.
507 1464 611 1506 OEd.
633 1465 688 1504 T.
708 1473 828 1518 1237.
852 1463 944 1513 αὐτὴ
964 1463 1058 1515 πρὸς
1077 1464 1202 1513 αὐτῆς.
1229 1462 1349 1517 Ajac.
1373 1463 1468 1516 906.
1491 1462 1604 1505 αὐτὸς
1630 1462 1726 1514 πρὸς

293 1531 419 1571 αὑτοῦ.
470 1530 613 1585 Antig.
646 1541 767 1582 1174.
801 1529 915 1572 αὐτὸς
945 1529 1041 1581 πρὸς
1076 1531 1205 1576 αὑτοῦ,
1241 1530 1356 1581 πατρὶ
1389 1531 1554 1580 μηνίσας
1588 1530 1726 1581 φόνου.

294 1597 522 1638 BLOMF.
583 1596 731 1636 Malim
769 1610 864 1637 cum
904 1595 1034 1635 tribus
1072 1595 1280 1635 codicibus
1314 1595 1410 1647 πρὸς
1448 1595 1560 1637 αὐτὸς
1598 1596 1725 1635 αὑτοῦ.

295 1662 360 1703 Sic
390 1662 497 1702 infra
515 1675 609 1716 919.
641 1666 761 1702 Τοῖον
790 1661 1011 1711 παλαιστὴν
1042 1664 1110 1702 νῦν
1139 1661 1469 1713 παρασκευάζεται
1496 1659 1582 1701 Ἐπ’
1614 1659 1728 1703 αὐτὸς

293 1729 409 1783 αὐτῷ.
466 1728 552 1769 Ubi
574 1728 686 1771 αὐτὸς
706 1729 762 1768 ἐπ’
784 1728 884 1782 αὐτῷ
905 1727 1019 1767 dedit
1039 1726 1316 1768 Robortellus.
1337 1729 1492 1782 Agam.
1512 1728 1607 1780 845.
1634 1731 1728 1769 Τοῖς

291 1794 323 1835 τ’
355 1795 467 1838 αὐτὸς
496 1796 612 1836 αὐτοῦ
640 1795 813 1846 πήμασιν
840 1795 1064 1846 βαρύνεται.
1096 1794 1222 1849 Soph.
1244 1794 1347 1834 OEd.
1370 1793 1460 1834 Col.
1483 1805 1578 1847 929.
1609 1793 1665 1833 Σὺ
1694 1792 1725 1833 δ’

293 1862 405 1918 ἀξίαν
424 1862 492 1903 οὐκ
512 1862 637 1902 οὖσαν
656 1861 853 1914 αἰσχύνεις
870 1860 989 1900 πόλιν
1011 1859 1095 1910 Τὴν
1125 1859 1238 1902 αὐτὸς
1267 1861 1396 1900 αὑτοῦ.
1426 1860 1577 1900 ELM.
1636 1860 1725 1899 Ex-

293 1927 437 1982 emplis
456 1927 508 1968 ab
528 1925 725 1967 Elmsleio
744 1925 875 1966 allatis
894 1940 975 1966 non
995 1925 1172 1966 multum
1203 1925 1386 1976 efficitur,
1409 1940 1538 1981 quum
1563 1924 1604 1965 in
1631 1923 1733 1964 locis

294 1993 371 2034 illis
390 1993 579 2034 omnibus
597 2005 820 2047 pronomen
847 1998 1017 2046 propter
1046 1990 1165 2030 metri
1194 1990 1470 2031 necessitatem
1501 1990 1552 2030 sit
1582 1989 1726 2044 trajec-

294 2062 398 2109 tum,
420 2074 515 2114 quae
535 2058 647 2099 nulla
672 2066 733 2099 est
754 2057 795 2097 in
824 2056 902 2097 hoc
930 2056 1031 2097 loco.
1092 2057 1365 2105 Quamobrem
1396 2055 1638 2097 servandum
1668 2055 1729 2097 vi-

295 2126 416 2168 detur
436 2126 550 2168 αὐτὸς
568 2125 662 2177 πρὸς
680 2125 811 2172 αὑτοῦ,
833 2122 908 2163 nisi
926 2122 1019 2177 quis
1038 2130 1198 2178 poetam
1226 2123 1321 2175 πρὸς
1346 2122 1458 2166 αὐτὸς
1487 2123 1604 2163 αὑτοῦ
1631 2136 1727 2178 pro-

294 2203 436 2250 pterea
454 2190 678 2248 praetulisse
695 2199 855 2231 censeat
874 2199 921 2230 ut
940 2188 1036 2241 πρὸς
1052 2189 1094 2235 in
1114 2188 1229 2229 initio
1249 2203 1388 2229 versus
1406 2188 1583 2244 positum
1612 2203 1729 2229 accu-

297 2260 426 2301 ratius
444 2257 706 2314 responderet
727 2254 970 2312 praecedenti
986 2255 1103 2307 πρός;
1135 2255 1248 2310 quod
1268 2254 1368 2296 mihi
1387 2254 1505 2296 valde
1521 2254 1728 2296 infirmum

296 2335 586 2383 argumentum
606 2324 781 2365 videtur.

354 2394 489 2448 αὑτοῦ]
514 2393 629 2434 αὐτοῦ
648 2390 751 2432 Ald.
771 2389 880 2431 Rob.

357 2463 451 2515 763.
471 2477 511 2502 π.
533 2476 566 2501 τ.
588 2458 782 2514 σήμηνον]
803 2455 979 2508 σήμηνον
997 2471 1039 2496 π.
1061 2471 1092 2494 τ.
1113 2453 1214 2495 Ald.
1237 2453 1345 2495 Rob.

359 2529 454 2582 764.
473 2526 667 2579 τοιοῦτον]
689 2522 791 2565 τόνδ’
812 2522 923 2563 Rob.

357 2596 455 2648 766.
475 2594 592 2646 ῥητὸν
612 2591 802 2633 αὐδᾶσθαι
820 2588 931 2644 τάδε]
955 2586 1085 2628 Simili
1106 2586 1339 2643 pleonasmo
1359 2585 1550 2642 Orpheus
1569 2587 1728 2642 Argon.

299 2662 395 2717 926.
419 2659 555 2714 (931.)
586 2659 630 2699 οὗ
659 2655 786 2708 φατὸν
809 2657 947 2702 εἰπεῖν,
974 2662 1015 2695 et
1034 2653 1248 2709 Aristoph.
1272 2655 1356 2694 Av.
1378 2663 1497 2708 1715.
1527 2653 1573 2693 οὐ
1602 2653 1731 2706 φατὸν

299 2728 445 2780 λέγειν.
466 2740 562 2781 quae
586 2722 773 2778 exempla
797 2729 1086 2777 compararunt
1109 2721 1374 2763 Hei-mannus
1393 2719 1446 2760 ad
1466 2734 1628 2760 versum
1649 2720 1732 2760 Or·-

300 2794 466 2849 phicum
496 2802 537 2832 et
561 2789 755 2835 Scbaefer.
774 2787 826 2828 ad
849 2786 1059 2843 Sophoclis
1079 2785 1252 2827 Philoct.
1275 2787 1367 2838 847.
1429 2784 1729 2840 Corrigendum

298 2871 434 2902 autem
456 2861 543 2900 τόδε
563 2873 612 2899 ex
636 2858 699 2898 M.
720 2866 759 2896 et
775 2864 928 2909 septem
947 2853 1035 2893 aliis
1053 2852 1260 2893 codicibus
1279 2862 1320 2893 et
1340 2852 1448 2893 Rob.
1508 2853 1613 2892 Nam
1637 2851 1728 2893 τάδε

301 2928 332 2968 si
360 2924 580 2980 scripsisset
600 2921 839 2977 AEschylus,
861 2935 939 2960 non
961 2920 1078 2971 ῥητὸν
1097 2919 1230 2959 dicere
1253 2919 1442 2968 debebat,
1463 2918 1530 2958 sed
1551 2918 1728 2973 generali
