1898 3256
614 205 702 245 AD
736 204 1215 246 PROMETHEUM.
1594 209 1651 248 83

235 332 334 359 ποτε
354 331 435 358 om.
462 317 526 358 M.
546 316 698 373 aliique
720 317 920 359 nonnulli.

234 385 333 438 578.
356 386 397 426 τί
413 401 510 426 ποτε
530 386 654 426 semel
675 384 873 441 scriptum
896 385 937 426 in
962 387 1027 427 M.
1049 386 1222 442 aliisque
1240 403 1249 427 :
1284 386 1412 443 vulgo
1433 386 1507 428 bis.

232 464 331 506 579.
365 453 620 508 πημοναῖσιν]
651 457 843 505 πημοναῖς
869 452 1155 495 Blomfleldus.
1218 453 1495 496 Scribendum
1526 473 1651 508 πημο-

176 518 315 562 σύναις
344 535 438 561 cum
472 521 719 562 Hermanno
749 521 906 577 Opusc.
940 521 1020 562 vol.
1040 534 1082 574 4.
1114 536 1155 578 p.
1178 534 1279 576 334.
1313 523 1474 564 numeri
1506 534 1649 565 autem

174 584 231 626 sic
260 586 542 643 distinguendi
575 597 622 629 ut
653 596 747 644 post
776 603 940 630 versum
972 588 1170 630 creticum
1200 593 1284 637 παῖ,
1317 591 1357 631 τί
1389 607 1486 632 ποτε
1522 593 1646 633 ταῖσδ’

175 653 379 706 ἐνέζευξας
406 655 530 708 εὑρὼν
549 657 805 709 ἁμαρτοῦσαν
825 658 882 705 ἐν,
906 657 1124 699 dochmius
1154 670 1355 714 sequatur
1384 660 1646 711 πημοσύναις,

175 719 196 761 ἓ
215 720 249 768 ἒ,
272 721 510 779 pariterque
529 724 571 764 in
599 723 875 782 antistrophe,
897 725 1253 782 quemadmodum
1286 726 1486 783 praecedit
1516 727 1645 769 doch-

174 788 283 830 mius
320 791 362 831 τί
396 790 495 832 ποτέ
531 790 584 843 μ’,
623 790 653 832 ὦ
695 790 849 845 Κρόνιε.
915 793 1186 835 Substantivo
1227 796 1474 847 πημοσύναις
1515 796 1648 838 utitur

175 856 405 914 AEschylus
426 874 465 900 v.
491 860 608 914 1058.

227 925 332 980 580.
354 925 374 967 ἒ
395 925 430 982 ἓ]
453 926 493 968 αἲ
514 926 554 968 αἲ
574 927 706 968 codex
729 943 850 968 unus.

229 994 476 1050 οἰστρηλάτῳ
517 997 559 1036 δὲ
601 997 752 1047 δείματι
792 997 987 1051 δειλαίαν]
1030 999 1184 1040 Versus
1223 1015 1273 1040 ex
1320 999 1646 1056 penthemimere

172 1060 350 1103 iambico
370 1072 411 1104 et
433 1062 626 1104 dochmio
647 1062 913 1119 compositus.

229 1129 331 1182 582.
371 1147 420 1182 με
455 1130 619 1172 addidit
654 1130 890 1172 Elmsleius.
955 1133 1090 1174 Verba
1124 1135 1405 1188 πυρί-βοράν
1438 1135 1478 1176 in
1513 1151 1644 1178 unum

173 1211 334 1238 versum
357 1197 651 1255 conjungenda
671 1198 910 1254 pariterque
929 1199 970 1240 in
993 1200 1264 1258 antistropho.

228 1266 329 1321 583.
351 1266 540 1321 ποντίοις]
561 1267 757 1307 ποντίοισι
780 1267 892 1308 ΑΒ.
915 1266 1067 1323 aliique
1087 1269 1223 1324 pauci.

226 1334 326 1389 585.
348 1335 447 1385 ἄδην
473 1333 720 1375 Brunckius.
783 1334 902 1375 Libri
925 1335 1058 1386 ἄδδην.

227 1403 498 1457 πολύπλανοι]
521 1403 822 1455 πολύπλαγκτοι
844 1402 956 1444 Rob.
981 1404 1124 1460 Steph.
1147 1414 1188 1446 et
1207 1404 1366 1461 aliquot
1387 1407 1511 1448 codd.

229 1469 377 1512 πλάναι
408 1470 724 1525 γεγυμνάκασιν]
762 1471 912 1527 Eurip.
950 1471 1050 1512 Hel.
1082 1483 1181 1527 533.
1219 1474 1350 1515 ἐκεῖσε
1382 1475 1529 1518 κάκεῖσ’
1561 1476 1641 1519 οὐδ’

170 1538 426 1591 ἀγύμναστον
445 1539 614 1582 πλάνοις
633 1540 754 1590 ἥξειν.

226 1607 326 1661 586.
348 1607 440 1663 ὅπῃ]
462 1608 540 1662 ὅπα
562 1607 823 1649 Schuetzius.
1044 1653 1114 1679 προς

225 1675 328 1729 588.
350 1675 513 1729 φθέγμα
532 1675 713 1717 Vindob.
737 1676 823 1717 duo
844 1687 885 1718 et
907 1678 1019 1719 Rob.
1050 1677 1212 1731 φθέγμα
1234 1679 1298 1719 Μ.
1322 1681 1641 1735 προσφθέγματα

170 1741 275 1783 Ald.
298 1743 436 1784 Turn.
498 1742 690 1784 Aliorum
723 1743 921 1786 librorum
944 1745 1044 1787 vitia
1063 1754 1161 1787 sunt
1179 1746 1403 1800 φθέγματα,
1426 1748 1638 1802 φθέγματι,

170 1808 412 1863 φθέγματος,
428 1810 779 1864 προσφθέγματος.
810 1813 987 1854 Versum
1010 1813 1123 1855 hunc
1142 1813 1270 1856 choro
1287 1814 1416 1872 vulgo
1432 1816 1637 1858 tributum

170 1892 257 1920 suae
277 1892 465 1934 personae
485 1877 667 1919 restituit
686 1878 925 1921 Elmsleius.

226 1947 310 2003 τᾶς]
333 1951 455 1989 τᾶσδε
474 1947 596 1990 codd.
619 1947 792 2006 aliquot.

225 2029 325 2072 590.
360 2015 574 2072 Ἰναχείης]
614 2015 682 2058 Sic
713 2017 827 2073 apud
860 2017 1119 2073 Stephanum
1150 2033 1321 2074 quoque
1353 2019 1635 2074 Byzantinum

170 2084 368 2141 scriptum
390 2100 422 2126 s.
446 2099 485 2125 v.
505 2083 672 2138 ’[ναχία.
736 2084 1019 2126 Nihilominus
1038 2084 1236 2139 Ἰναχείας
1263 2085 1555 2142 corrigendum
1587 2104 1638 2130 ex

171 2153 236 2192 M.
263 2161 305 2194 et
331 2151 512 2194 Vindob.
543 2151 719 2194 duobus.
782 2152 944 2194 Eodem
977 2152 1083 2194 redit
1113 2153 1228 2208 quod
1260 2153 1301 2194 in
1333 2153 1520 2210 quinque
1550 2155 1639 2197 aliis

167 2219 290 2261 codd.
313 2220 512 2277 scriptum
535 2231 596 2262 est
615 2219 803 2275 Ἰναχίας.
864 2221 1188 2262 Terminationis
1211 2221 1367 2263 Ionicae
1387 2223 1441 2264 ab
1462 2221 1641 2265 librariis>

168 2298 322 2329 temere
340 2287 465 2329 illatae
485 2288 676 2342 exempla
696 2288 912 2330 attulimus
933 2289 987 2330 ad
1009 2305 1048 2330 v.
1073 2301 1170 2330 201.

225 2370 326 2412 592.
345 2355 597 2411 γυμνάζεται]
618 2355 797 2407 βιάζεται
817 2357 978 2413 aliquot
998 2357 1122 2399 codd.

225 2435 325 2480 595.
349 2423 517 2475 ἐτήτυμα
537 2438 588 2464 ex
609 2431 810 2479 quattuor
827 2439 908 2466 non
939 2425 1109 2481 optimae
1140 2434 1250 2465 notae
1276 2423 1489 2466 codicibus
1519 2440 1638 2482 repo-

169 2491 306 2533 situm.
367 2490 508 2547 Vulgo
528 2491 659 2543 ἔτυμα.

223 2560 467 2615 596-608.
490 2559 644 2599 Versus
665 2558 794 2615 vulgo
825 2560 881 2600 sic
911 2559 1031 2600 divisi
1063 2562 1342 2601 θεόσσυτον-
1367 2561 1375 2614 1
1401 2560 1484 2600 a—
1510 2560 1516 2615 Ι
1545 2559 1633 2601 κέν-

166 2644 294 2682 τροισι
313 2652 371 2657 —
395 2625 404 2683 Ι
429 2625 698 2678 σκιρτημάτων
713 2650 769 2656 -
796 2625 802 2680 Ι
829 2631 947 2679 λαβρ.
964 2651 1021 2657 --
1047 2625 1052 2682 Ι
1081 2628 1296 2667 ἐπικότοισι
1312 2651 1363 2656 --
1394 2626 1401 2681 Ι
1427 2629 1635 2679 δυσδαιμό-

168 2712 315 2736 νων-
340 2693 348 2750 Ι
374 2692 550 2735 ἆλλά-
576 2692 582 2743 Ι
609 2693 632 2732 ὅ
672 2709 774 2733 τι-
802 2692 808 2748 Ι
836 2694 875 2734 τί
911 2693 963 2744 μὴ
1002 2694 1142 2747 χρὴ-
1169 2693 1174 2750 Ι
1202 2697 1394 2744 δεῖξον-
1419 2693 1426 2749 Ι
1454 2694 1634 2747 φράζε-

167 2762 363 2817 παρθένῳ.

223 2830 321 2884 596.
345 2829 536 2870 θεόσυτον
556 2825 775 2867 MorelluS.
807 2827 1028 2868 θεόσσυτον
1048 2827 1157 2868 libri.

225 2897 284 2952 τε]
306 2898 348 2937 δὲ
370 2894 516 2951 Steph.

223 2976 323 3020 599.
347 2961 558 3015 κέντροισι]
581 2960 754 3012 κέντροις
775 2960 956 3003 Vindob.
977 2962 1078 3004 duo.

841 3045 865 3070 L
891 3044 914 3073 2
