1898 3256
576 233 664 272 AD
697 230 1173 273 PROMETHEUM.
1552 227 1609 270 63

143 344 301 394 Euxini
323 343 468 385 accolis
498 343 756 385 recensendis
777 342 1090 397 versetur-,jure
1119 341 1324 381 mirantur
1353 341 1609 397 interpretes,

144 412 255 454 unde
274 413 366 454 haec
388 412 560 453 Arabiae
582 412 748 452 mentio.
811 409 1014 452 Nonnulli
1034 409 1086 450 ad
1108 409 1438 450 emendationem
1464 410 1610 450 confu-

141 480 278 536 giunt,
300 495 478 536 quorum
500 480 756 534 conjecturas
774 493 1003 519 memorare
1028 476 1290 533 supersedeo.
1353 477 1494 533 Magis
1521 477 1611 533 pla-

142 558 207 589 cet
240 547 399 588 Butleri
433 548 648 597 sententia,
680 547 752 603 qui
787 546 1006 588 ostendere
1037 555 1225 594 conatur,
1262 560 1411 586 nomen
1441 546 1612 588 Arabiae

145 615 268 656 latius
298 615 395 655 olim
432 630 558 671 quam
596 614 725 670 vulgo
758 614 942 656 creditur
976 613 1171 670 patuisse.
1235 613 1317 654 Sed
1348 613 1473 654 nolim
1507 613 1613 655 hanc

145 682 414 740 quaestionem
437 682 557 723 nimis
577 683 736 724 curiose
758 693 945 724 tractare.
979 683 1088 723 Nam
1110 680 1328 722 verisimile
1348 691 1409 722 est
1430 681 1614 738 AEschy-

146 751 234 792 lum
257 751 538 807 Geographiae
567 751 695 792 nihilo
724 750 958 807 peritiorem
990 749 1117 791 fuisse
1149 749 1303 805 tragico
1325 759 1520 799 nostrate,
1541 749 1615 805 qui

146 834 260 861 oram
303 818 514 859 Bohemiae
552 819 799 859 maritimam
839 828 1056 859 memorat.
1101 818 1254 858 ELM.
1318 816 1449 859 Simili
1488 828 1616 873 atque

149 886 348 928 Butlerus
377 886 533 927 ratione
562 896 726 943 poetam
758 901 839 926 non
872 895 956 926 tam
984 885 1262 926 defenderunt
1282 899 1408 940 quam
1439 899 1614 926 excusa-

148 963 246 996 runt
269 955 304 995 Ι.
329 955 390 995 H.
414 954 585 995 Vossius
604 954 646 995 in
669 953 866 1010 symbolis
892 953 946 994 ad
975 950 1271 1010 geographiam
1296 962 1497 1002 veterum,
1519 967 1616 1008 quae

148 1021 288 1063 diariis
308 1022 560 1063 Jenensibus
579 1038 615 1063 a.
641 1023 766 1077 1805.
788 1031 885 1062 sunt
905 1021 1095 1077 adjectae,
1117 1037 1156 1078 p.
1177 1021 1291 1062 xviii.
1322 1021 1545 1063 Jacobsius
1574 1021 1618 1062 in

148 1090 414 1131 annotatione
443 1090 496 1131 ad
528 1090 568 1130 h.
591 1089 618 1132 l.
641 1090 682 1130 in
713 1090 869 1130 Museo
889 1089 1036 1130 Attico
1056 1088 1138 1130 vol.
1159 1103 1200 1144 3.
1231 1105 1273 1145 p.
1296 1103 1394 1141 410.
1418 1088 1615 1131 Welcke—

149 1173 222 1199 rus
240 1158 282 1199 in
302 1157 409 1199 libro
428 1158 481 1198 de
502 1157 675 1213 trilogiis
700 1173 745 1213 p.
771 1169 836 1198 20.
888 1157 1061 1198 Arabiae
1083 1157 1333 1198 mentionem
1356 1157 1477 1199 etiam
1501 1157 1617 1198 scho-

152 1224 268 1266 liasta
288 1236 349 1267 est
369 1224 556 1275 miratus,
578 1225 652 1281 qui
679 1225 830 1280 quaerit
850 1229 932 1268 πῶς
961 1225 1032 1276 τὴν
1055 1223 1254 1277 Ἀραβίαν
1276 1223 1472 1279 Καυκάσῳ
1494 1223 1619 1279 συνῴ-

152 1310 277 1334 κισεν.

209 1363 330 1404 ἄνθος
350 1362 531 1401 Α.Β.Μ.
553 1360 706 1416 aliique
726 1359 896 1416 plurimi
916 1369 957 1400 et
978 1360 1089 1401 Rob.
1124 1361 1237 1404 ἔθνος
1256 1360 1358 1400 Ald.
1382 1361 1522 1400 Turn.

210 1441 289 1482 421
301 1462 309 1470 .
332 1427 580 1482 ὑψίκρημνόυ
600 1427 632 1469 θ’
656 1428 694 1469 οἳ
713 1427 894 1479 πόλισμα
915 1426 1127 1469 Καυκάσου
1146 1427 1274 1471 πέλας
1294 1427 1494 1483 νέμονται]
1510 1428 1620 1469 Edi-

153 1503 243 1539 tum
263 1496 474 1537 castellum
496 1511 566 1536 seu
588 1494 791 1551 oppidum
813 1504 1056 1535 montanum
1076 1496 1265 1537 Caucaso
1284 1497 1470 1537 vicinum
1485 1495 1620 1551 quod-

155 1579 251 1606 nam
272 1564 337 1615 sit,
359 1563 591 1620 AEschylus
620 1578 702 1604 non
733 1562 867 1613 addit,
889 1578 963 1604 nec
993 1563 1109 1618 apud
1136 1563 1398 1619 geographos
1427 1562 1621 1619 antiquos

154 1632 288 1688 reperi
319 1647 483 1682 nomen,
516 1631 583 1672 cui
618 1630 708 1671 haec
741 1629 964 1686 descriptio
994 1629 1053 1671 ita
1087 1630 1318 1681 conveniat,
1357 1641 1403 1672 ut
1436 1631 1505 1672 alii
1536 1646 1620 1672 non

156 1715 280 1756 aequo
292 1699 391 1756 jure
417 1698 544 1740 tribui
576 1697 716 1754 possit.
749 1696 966 1750 ὀξύπρωροι
987 1698 1138 1751 αἶχμαὶ,
1160 1705 1295 1739 acutae
1323 1699 1495 1740 lanceae.
1527 1697 1623 1751 βρέ-

155 1784 245 1819 μειν
265 1769 425 1820 αἰχμαῖς
443 1767 599 1807 Zanceis
618 1766 814 1811 horrere,·
848 1774 896 1806 ut
911 1780 977 1821 ap.
1000 1765 1151 1822 Eurip.
1177 1766 1327 1806 Phoen.
1356 1779 1449 1821 113.
1472 1766 1622 1819 μυρίοις

156 1836 296 1877 ὅπλοις
313 1833 488 1887 βρέμων.
525 1834 658 1874 SCH.

214 1913 314 1952 422.
336 1899 537 1955 νέμονται]
561 1900 723 1951 νέμουσι
744 1901 870 1941 Μ.Ν.

214 1981 315 2020 424.
363 1967 638 2024 ὀξυπρῴροισι]
677 1967 817 2024 Vulgo
856 1968 942 2008 sine
976 1967 1060 2008 iota
1093 1968 1340 2025 subscripto.
1387 1970 1623 2022 ὀξυπῶροισι

159 2034 260 2076 Ald.
292 2036 518 2088 ὀξυπόροισι
540 2036 656 2090 Lips.

214 2116 270 2155 42
272 2116 411 2158 5—43
415 2114 456 2158 5.
478 2103 618 2159 Epodi
642 2103 768 2159 hujus
785 2113 916 2145 metra
937 2103 1064 2159 vulgo
1079 2104 1135 2144 sic
1150 2104 1371 2160 descripta,
1385 2107 1567 2157 μόνον-
1593 2104 1599 2160 Ι

157 2169 385 2222 δαμέντ’-
409 2171 417 2225 Ι
442 2174 664 2212 Τιτᾶνα-
688 2173 697 2226 Ι
717 2170 913 2212 Ἀτλανθ’
929 2196 987 2201 -
1012 2170 1018 2227 Ι
1046 2172 1301 2223 κραταιὸν-
1324 2172 1331 2228 Ι
1360 2173 1567 2215 νώτοις-
1593 2172 1599 2227 Ι

158 2243 435 2290 ξυμπιτνῶν--
462 2238 468 2294 Ι
495 2239 735 2282 κελαινὸς-
761 2239 767 2294 Ι
793 2242 922 2292 γᾶς-
948 2238 956 2295 Ι
983 2238 1264 2280 στένουσιν-.

217 2318 315 2360 425.
336 2305 533 2361 πρόσθεν]
556 2306 732 2359 πρόσθεν
753 2323 826 2347 σου
847 2306 1017 2346 Barocc.
1039 2315 1080 2346 et
1101 2305 1202 2346 Ald.

217 2372 368 2428 ἄλλον]
391 2374 529 2415 ἄλλων
548 2373 707 2429 aliquot
727 2373 848 2414 codd.
870 2383 911 2423 et
932 2373 1035 2414 Ald.

218 2441 316 2492 426.
348 2440 693 2494 ἇκαμαντοδέτοις]
730 2440 1002 2481 Scribendum
1032 2441 1360 2491 ἀδαμαντοδέτοις
1379 2457 1429 2481 ex
1454 2441 1506 2480 N.
1559 2440 1626 2481 Sic

162 2523 203 2548 v.
229 2508 324 2561 148.
344 2507 471 2549 ταῖσδ’
494 2507 843 2559 ἀδαμαντοδέτοισι
863 2508 1014 2559 λύμαις.

218 2577 316 2627 428.
340 2576 562 2629 εἰσιδόμαν]
588 2575 789 2626 εἶσιδόμην
810 2574 910 2615 Ald.
935 2575 1044 2615 Rob.

215 2643 309 2683 θεὸν
330 2642 383 2682 L.
406 2641 549 2683 Guelf.
572 2642 681 2682 Rob.

214 2709 391 2766 Ἀτλαν]
424 2710 666 2764 Legebatur
689 2708 895 2759 Ἀτλανθ’,
927 2708 1195 2764 ponderosior
1218 2722 1345 2762 quam
1376 2721 1472 2762 quae
1502 2705 1627 2762 hujus

163 2792 304 2818 versus
323 2776 394 2816 fini
413 2786 512 2832 apta
532 2776 722 2817 videatur
751 2776 899 2816 forma.
960 2774 1240 2824 Quamobrem
1273 2773 1433 2814 restitui
1456 2771 1624 2823 Ἀτλαν,

164 2844 217 2886 de
236 2859 323 2900 quo
343 2843 559 2884 scholiasta
577 2858 746 2898 quoque
776 2841 984 2897 cogitavit,
1007 2841 1148 2897 inepta
1168 2851 1304 2882 tamen
1329 2840 1398 2881 ille
1427 2841 1480 2882 de
1510 2840 1628 2882 litera

166 2911 199 2952 θ’
219 2910 542 2961 comminiscens,
563 2925 658 2966 quae
688 2924 771 2950 non
792 2924 869 2964 pro
894 2925 938 2949 τε
964 2907 1216 2964 accipienda,
1239 2908 1309 2948 sed
1331 2907 1508 2949 delenda
1526 2921 1626 2949 erat.

170 2976 321 3019 Scribit
348 2987 485 3018 autem
518 2975 589 3026 ita,
610 2976 656 3016 οὐ
674 2976 799 3027 μόνον
822 2973 974 3017 Ἀτλας
998 2973 1234 3021 Ἄτλαντος,
1257 2975 1366 3015 ἀλλὰ
1393 2975 1455 3015 καὶ
1477 2972 1629 3016 'Amas
