1898 3256
575 227 664 267 AD
697 225 1173 267 PROMETHEUM.
1551 223 1610 267 99

139 340 310 382 codices.
373 342 508 382 Recte
524 355 623 382 vero
649 341 830 382 ναύταισι
853 338 1049 381 Eustath.
1080 336 1134 378 ad
1157 337 1332 378 Homer.
1355 351 1397 393 p.
1420 337 1521 391 560,
1541 337 1605 377 18.

142 408 292 449 Tzetz.
312 407 365 449 ad
390 406 602 465 Lycopbr.
622 408 746 461 1285.

199 475 398 532 Μητρυιά]
436 477 646 518 Noverca.
687 475 773 527 ἤτοι
808 477 932 529 ἐχθρὰ
968 475 1031 515 καὶ
1071 473 1266 526 ὀλέθριος.
1310 471 1510 513 Eustath.
1551 471 1606 512 ad

142 542 263 584 Iliad.
297 547 342 585 E.
377 559 418 600 p.
450 545 550 598 560,
583 557 648 600 19.
682 543 856 584 Hesiod.
891 542 1072 584 Ἀλλοτε
1110 543 1275 595 μητρυιὰ
1312 540 1428 582 πέλει
1466 539 1608 593 ἡμέρα,

139 611 289 653 ἄλλοτε
307 611 441 665 μήτηρ.
465 611 689 668 Antipater
708 611 884 653 Anthol.
903 624 941 662 Ι,
962 612 1034 666 56,
1056 623 1093 650 1.
1117 608 1283 652 ”Οσσον
1297 610 1481 661 μητρυιῆς
1506 612 1605 661 γλυ-

140 678 331 732 κερωτέρη
362 680 505 721 ἔπλετο
534 680 671 733 μήτηρ,
702 681 868 721 Τόσσον
902 678 1000 722 ἁλὸς
1033 680 1175 729 πολιῆς
1209 681 1306 730 γαῖα
1336 674 1603 728 ποθεινοτέρη.

141 746 299 787 Confer
320 747 569 803 Wesseling.
591 747 696 789 Obs.
719 761 755 788 1.
776 761 810 788 1.
832 762 873 804 p.
894 759 937 799 4.
959 745 1195 788 BLOMF.

197 822 295 867 729.
318 813 591 870 στενοπόροις]
615 814 790 856 Codices
809 814 969 871 aliquot
990 814 1247 866 στενοπόρου,
1269 810 1385 868 quod
1406 811 1606 852 στενωπό-

139 897 212 932 ρου
232 880 431 937 scriptum
453 881 495 922 in
515 882 627 923 Rob.

201 959 295 1004 730.
316 948 780 1004 ἰσθμὸν-Κιμμερικὸν]
804 949 1110 992 Chersonesum
1131 948 1373 991 Tauricam.

201 1027 297 1071 733.
325 1016 551 1072 Βόσπορος]
575 1017 870 1058 Cimmericum
895 1026 1006 1059 recte
1025 1016 1218 1073 intelligit
1239 1015 1477 1072 Stephanus
1498 1016 1604 1072 Byz.

143 1098 176 1124 s.
199 1098 238 1123 v.
260 1084 487 1136 Βόσποροςε
525 1083 643 1125 aliter
663 1099 761 1125 vero
781 1084 997 1140 Apollonii
1027 1083 1265 1126 scholiastes
1289 1083 1343 1125 ad
1365 1084 1604 1139 Argonaut.

146 1164 186 1200 2,
204 1151 295 1204 167.
318 1151 536 1204 Βόσπορος,
558 1150 711 1208 inquit,
734 1151 966 1203 ὀνομάζεται
991 1154 1054 1193 διὰ
1084 1153 1128 1193 τὸ
1159 1155 1290 1193 δοκεῖν
1318 1152 1391 1202 τὴν
1407 1150 1473 1192 Ἰὼ
1502 1153 1606 1203 βοῦν

142 1219 268 1260 οὖσαν
291 1220 593 1272 διαπορεύεσθαι
622 1219 667 1260 τὸ
698 1219 776 1260 ἀπὸ
797 1221 1007 1268 Βυζαντίου
1038 1221 1101 1261 καὶ
1122 1220 1382 1273 Καλχηδόνος
1411 1217 1606 1269 διάστημα

143 1287 314 1327 σταδίων
343 1287 428 1328 ἐστὶ
455 1291 594 1328 τοῦτον
624 1287 695 1328 τὸν
724 1287 860 1338 τόπον,
882 1287 908 1313 *
929 1289 972 1328 ἐκ
998 1290 1065 1339 τῆς
1084 1287 1274 1340 Εὐρώπης
1294 1288 1350 1330 εἷς
1370 1286 1442 1338 τὴν
1460 1286 1606 1327 Ἀσίαν

142 1355 441 1405 διαβαίνουσαν.
506 1353 757 1411 AEschylum
779 1369 875 1396 sane
895 1354 937 1395 in
959 1364 1097 1396 mente
1118 1369 1200 1396 non
1221 1354 1381 1396 habuit.
1444 1355 1604 1409 Bospo-

143 1435 215 1462 rus
248 1421 476 1463 secundum
509 1422 773 1479 Hesychium
808 1422 944 1478 primo
985 1423 1227 1480 Scythicum
1268 1422 1473 1478 designat,
1509 1421 1606 1463 dein

145 1489 390 1540 Thracium,
412 1490 530 1545 quasi
552 1489 752 1545 posterior
770 1489 824 1531 ad
844 1490 1082 1547 exemplum
1105 1490 1253 1547 prioris
1276 1489 1319 1531 id
1346 1505 1495 1531 nomen
1524 1505 1609 1531 sor-

144 1557 246 1599 titus
274 1557 427 1599 fuerit:
464 1567 625 1599 constat
657 1558 766 1600 enim
803 1560 927 1600 maris
961 1568 1003 1601 et
1036 1559 1258 1600 fluminum
1298 1567 1438 1614 partes
1471 1558 1608 1599 minus

144 1625 374 1683 profundas
393 1635 435 1668 et
454 1626 560 1668 vado
580 1626 852 1668 transeundas
869 1627 1099 1680 βοσπόρους
1119 1626 1270 1668 vocari.
1293 1626 1519 1667 STANL.

202 1694 252 1750 δ’]
278 1691 308 1734 τ’
331 1693 443 1735 Rob.

203 1771 300 1817 735.
328 1760 500 1816 Ἀσιάδ’]
525 1759 651 1803 Ἀσίδ’
674 1760 899 1802 Elmsleius
930 1762 1169 1817 conjectura
1198 1761 1420 1818 probabili.
1484 1761 1608 1803 Conf.

145 1828 198 1870 ad
222 1829 337 1870 Pers.
361 1840 460 1881 270.

205 1908 303 1950 741.
331 1895 545 1948 μηδέπω.’ν
566 1897 703 1937 Turn.
723 1905 764 1938 et
785 1910 880 1952 pars
900 1895 1103 1938 codicum.
1129 1895 1214 1948 μήδ’
1238 1898 1344 1938 ε’πῶν
1368 1897 1433 1938 Μ.
1455 1896 1608 1952 aliique

144 1974 187 2006 et
207 1964 310 2005 Ald.
333 1963 443 2005 Rob.
465 1963 551 2016 μήδ’
574 1965 679 2005 ἐπῶν
699 1965 743 2005 ἐν
763 1963 850 2005 duo
870 1963 992 2005 codd.

203 2031 438 2086 προοιμίοις]
461 2032 645 2084 προοιμία
665 2031 776 2073 Rob.

204 2112 302 2154 742.
323 2099 388 2155 ἰώ]
411 2100 455 2140 ἰὼ
476 2099 520 2140 ἰώ
544 2099 651 2140 Rob.
674 2108 716 2141 et
738 2099 938 2141 Cantabr.
959 2098 1133 2156 primus.

203 2167 224 2209 ἓ
244 2167 266 2208 ἕ
284 2167 466 2208 Α.Β.Μ.
489 2165 654 2223 aliique.
714 2166 802 2208 Alii
832 2176 981 2223 quater
1011 2167 1030 2208 ἓ
1059 2181 1154 2208 cum
1187 2166 1291 2209 Ald.
1324 2167 1436 2209 Rob.
1468 2169 1607 2209 Turn.

146 2235 272 2276 Unus
291 2234 421 2276 codex
447 2235 467 2276 ἓ
494 2234 514 2276 ἒ
545 2234 584 2276 αἲ
612 2234 664 2283 αἲ,
689 2234 795 2276 alius
824 2234 844 2276 ἓ
875 2234 895 2276 ἓ
924 2238 1002 2288 φεῦ
1032 2238 1121 2288 φεῦ.
1181 2235 1413 2292 AEschylus
1437 2236 1609 2278 fortasse

146 2302 249 2344 nihil
267 2313 419 2359 praeter
439 2304 483 2344 ἷώ
502 2303 573 2355 μοι’
587 2320 654 2355 μοι
673 2302 902 2359 scripserat.

205 2382 300 2425 743.
322 2371 614 2425 κᾶναμυχθίζει]
639 2371 902 2427 κάναμυχθίζῃ
921 2369 1029 2411 libri.

203 2439 245 2479 τί
270 2454 345 2479 που
371 2436 549 2492 δράσεις]
572 2437 817 2479 Notandum
847 2455 922 2479 που
951 2438 993 2479 in
1023 2438 1359 2495 interrogatione.
1421 2438 1489 2480 Sic
1509 2439 1608 2480 Ari-

147 2504 274 2546 stides
305 2504 384 2546 vol.
417 2517 456 2547 2.
487 2520 529 2561 p.
562 2517 659 2556 212,
688 2519 728 2560 9.
763 2506 815 2561 τῷ
847 2522 896 2558 γε
931 2509 1203 2557 Θεμιστοκλεῖ
1232 2508 1274 2548 τί
1301 2523 1376 2548 που
1407 2505 1458 2547 ἂν
1489 2524 1604 2549 συνε-

146 2574 319 2624 βούλευε
338 2591 347 2619 ;

205 2641 303 2693 748.
324 2640 402 2681 ἀπὸ
423 2641 622 2696 στύφλου]
647 2642 907 2694 ἆποστ-ύφλσυ
928 2640 1031 2682 Ald.
1056 2641 1165 2682 Rob.

206 2718 302 2762 749.
332 2707 437 2763 πέδῳ
466 2708 676 2763 σκήψασα]
711 2707 1005 2761 πεδοσκήψασα
1033 2723 1178 2764 margo
1208 2710 1305 2751 MS.
1338 2725 1405 2767 ap.
1438 2710 1605 2753 Morell.

147 2775 252 2831 πέδῳ
283 2774 500 2828 σκήψασαν
526 2774 678 2831 legitur
708 2776 822 2831 Sept.
843 2787 941 2827 429.
973 2785 1014 2816 et
1044 2776 1189 2817 similia
1217 2777 1414 2820 πέσοντος
1443 2780 1605 2830 αἵματος

147 2842 252 2898 πέδῳ
275 2841 464 2898 Choeph.
485 2842 555 2894 48.
580 2842 776 2894 αἷμα-τὸ
800 2842 931 2895 διερὸν
957 2842 1061 2897 πέδῳ
1091 2845 1264 2897 χύμενον
1293 2847 1446 2899 οἴχεται
1474 2847 1603 2888 Eum.

150 2911 246 2965 263.
269 2909 487 2964 ἰὸς-πέδῳ
507 2911 642 2951 πεσών
660 2919 758 2962 479.
778 2909 824 2950 τὸ
849 2909 993 2962 μητρὸς
1020 2912 1097 2962 αἷμ’
1129 2913 1296 2963 ὅμαιμον
1328 2913 1469 2967 ἐκχέας
1498 2913 1602 2970 πέδῳ

149 2979 246 3032 653.
307 2977 387 3018 Sed
410 2992 552 3017 vereor
572 2991 622 3018 ne
644 2977 708 3017 his
728 2976 825 3018 locis
852 2977 1045 3018 omnibus
1073 2979 1244 3035 antiqua
1270 2981 1524 3023 restituenda
1552 2984 1603 3024 sit

844 3058 872 3085 N
898 3057 919 3085 2
