1898 3256
338 224 394 269 96
807 224 1302 265 ANNOTATIONES

339 350 432 376 nem
452 335 656 389 ingressus
676 345 752 385 est,
772 350 864 375 cum
888 335 1010 375 verba
1029 334 1097 375 illa
1117 349 1154 375 v.
1178 345 1258 388 725
1280 349 1368 388 sqq.
1396 335 1461 374 ἵνα
1487 335 1648 386 τραχεῖα
1669 333 1772 372 Πόν-

344 419 406 442 του
433 402 685 452 Σαλμυδησία
714 401 858 453 γνάθος
887 415 967 440 non
996 400 1048 441 ad
1079 400 1262 454 proxime
1291 399 1564 455 praecedentia
1593 398 1632 439 οἳ
1653 398 1773 448 Θεμί-

341 468 487 520 σκυράν
505 484 600 508 ποτε
621 471 876 508 κατοικιοῦσιν
892 468 992 520 ἀμφὶ
1007 466 1266 519 Θερμώδονθ’,
1285 466 1354 506 sed
1373 465 1512 521 potius
1531 464 1583 505 ad
1600 464 1770 504 verbum

341 536 412 585 ἵξει
442 550 478 574 ν.
507 544 599 586 724.
630 533 829 574 trahenda
857 548 942 573 esse
970 532 1183 573 existimat.
1244 532 1396 572 Verum
1430 531 1506 572 hoc
1539 530 1626 571 fieri
1660 529 1773 569 nullo

341 601 464 641 modo
483 609 631 656 potest.
694 600 735 639 Si
762 599 866 640 enim
890 600 940 639 Io
963 607 1153 654 superato
1174 600 1358 639 Caucaso
1385 597 1438 637 ad
1470 596 1771 652 Salmydessum

341 667 382 707 in
415 667 594 707 Thracia
623 666 804 720 profecta
826 675 942 715 essct,
973 665 1063 719 (ubi
1094 664 1373 704 Amazonibus
1403 672 1563 718 poetam
1588 673 1771 702 nostrum

341 733 410 774 illo
430 743 611 788 tempore
632 732 767 772 sedem
799 731 1028 786 designasse
1048 731 1255 771 Heathius
1282 730 1494 786 opinatur)
1525 729 1603 769 alio
1632 728 1773 768 itinere

342 798 417 838 nisi
439 799 573 838 Ponto
593 798 763 838 Euxino
782 798 951 852 trajecto
969 798 1010 837 in
1034 797 1253 837 Thraciam
1273 796 1481 851 pervenire
1509 809 1588 835 non
1618 794 1771 850 potuis-

343 875 416 906 set.
475 866 571 904 Jam
593 863 645 904 de
665 864 740 904 bac
758 863 993 918 trajectione
1019 873 1158 918 postea
1185 863 1351 902 demum
1380 861 1587 916 loquitur;
1623 870 1669 900 ut
1697 859 1775 900 alia

343 931 468 986 liujus
486 929 765 985 explicationis
783 929 1041 969 incommoda
1060 939 1274 969 taceamus.

400 999 442 1038 A
466 1012 581 1038 versu
604 1009 699 1050 791.

568 1095 664 1146 πρὸς
684 1095 852 1137 ἀντολὰς
872 1098 1086 1147 φλογῶπας
1105 1095 1345 1145 ἡλιοστιβεῖς

344 1202 480 1232 nostra
509 1191 675 1246 quidem
705 1190 894 1246 opinione
922 1206 1002 1231 non
1040 1206 1167 1231 unum
1202 1191 1271 1231 sed
1304 1190 1531 1245 complures
1559 1190 1776 1230 versiculos

344 1258 539 1299 excidisse
559 1272 683 1313 supra
700 1257 785 1312 jam
807 1257 976 1312 professi
1004 1272 1170 1303 sumus;
1202 1256 1353 1311 quibus
1374 1257 1598 1312 AEscliylus
1623 1271 1777 1296 errores

347 1326 421 1364 Ius
449 1339 523 1380 per
552 1324 694 1364 Asiam
725 1332 961 1378 persecutus
996 1323 1058 1363 sit.
1119 1324 1227 1363 Nam
1259 1331 1300 1363 et
1330 1322 1610 1378 Apollodorus
1639 1322 1776 1363 Inachi

344 1391 483 1441 filiam,
503 1400 717 1446 postquam
742 1389 947 1445 Scythiam
970 1399 1011 1430 et
1032 1389 1290 1430 Cimmeriam
1316 1399 1463 1429 terram
1483 1389 1776 1444 peragraverit,

345 1473 418 1513 per
449 1458 699 1498 continentes
734 1457 909 1496 multum
946 1470 1111 1506 errasse,
1142 1455 1352 1509 multaque
1381 1456 1564 1510 Europae
1593 1465 1634 1495 et
1662 1455 1777 1495 Asiae

346 1525 485 1573 maria,
517 1534 735 1578 antequam
766 1523 807 1562 in
829 1523 1062 1577 AEgyptum
1093 1521 1263 1569 venerit,
1290 1531 1467 1561 tranasse
1497 1521 1647 1561 scribit.
1708 1522 1777 1561 In-

346 1589 539 1632 credibile
567 1589 694 1645 igitur
722 1597 798 1638 est,
820 1587 1060 1642 AEschylum
1083 1588 1152 1627 Ius
1179 1587 1393 1627 transitum
1416 1587 1457 1627 in
1479 1587 1621 1627 Asiam
1644 1587 1778 1627 subito

346 1671 440 1697 cum
470 1655 677 1696 Africanis
706 1654 916 1694 itineribus
944 1653 1211 1708 conjunxisse.
1272 1655 1414 1708 Atque
1443 1668 1535 1693 cum
1566 1653 1654 1708 ipsa
1681 1667 1776 1693 con-

347 1722 579 1764 structionis
598 1721 700 1761 ratio
720 1721 904 1761 lacunam
926 1731 1017 1775 post
1040 1736 1078 1760 ν.
1103 1731 1196 1774 791.
1218 1720 1312 1760 satis
1338 1720 1500 1776 prodat,
1520 1719 1636 1760 facile
1656 1720 1779 1775 conji-

344 1790 450 1830 citur
469 1789 607 1828 decem
628 1797 701 1828 aut
726 1786 863 1842 plures
883 1786 1101 1827 versiculos
1124 1786 1384 1828 intercidisse.
1448 1787 1649 1842 Majorem
1677 1801 1778 1841 quo-

345 1871 427 1911 que
461 1855 645 1896 lacunam
682 1854 747 1895 hic
781 1853 964 1909 agnoscit
994 1853 1161 1894 Vossius
1191 1853 1218 1894 l.
1242 1853 1268 1894 l.
1331 1853 1449 1893 Idem
1479 1868 1555 1908 pro
1585 1853 1780 1904 Κισθήνης

345 1922 564 1978 legendum
595 1936 679 1961 esse
708 1920 900 1975 opinatur
931 1919 1119 1970 Κυνήτης,
1146 1929 1264 1960 terrae
1286 1919 1553 1974 Cynesiorum
1576 1919 1777 1959 Herodot.

345 2003 387 2040 4,
409 2002 478 2041 49.
503 2000 542 2037 2,
560 1998 629 2041 37,
650 1986 721 2027 ubi
744 1985 968 2040 AEschylus
990 1985 1210 2026 Phorcides
1230 1985 1375 2040 hisque
1394 1985 1544 2026 vicinas
1565 1986 1781 2040 Gorgonas

346 2064 484 2109 ponat.
544 2052 738 2108 Gryphes
757 2061 798 2091 et
816 2051 1058 2106 Arimaspos
1076 2061 1213 2091 autem
1231 2050 1476 2105 AEschylum
1497 2050 1537 2090 in
1560 2050 1781 2091 Occidente

346 2119 543 2175 posuisse,
560 2118 777 2158 Plutonem
794 2117 966 2157 fluvium
985 2132 1078 2157 vero
1095 2119 1333 2157 Tartessum
1355 2116 1525 2171 intelligi
1544 2116 1777 2157 arbitratur.

350 2188 456 2226 Haec
482 2189 619 2225 tamen
640 2183 737 2238 quia
756 2183 808 2223 de
828 2183 1081 2238 perditorum
1107 2192 1200 2237 post
1219 2198 1257 2223 v.
1282 2194 1377 2236 791.
1402 2182 1688 2222 versiculorum
1719 2197 1782 2221 ar-

347 2261 544 2307 gumento
563 2265 645 2291 non
667 2259 839 2299 constat,
861 2249 913 2289 ad
933 2249 1133 2304 liquidum
1154 2248 1323 2304 perduci
1342 2248 1409 2288 vix
1431 2258 1616 2304 possunt.
1637 2247 1781 2289 Ἠλίου

347 2321 472 2371 πηγὰς
501 2327 607 2357 recte
638 2315 804 2356 Vossius
833 2315 884 2356 de
919 2315 1022 2356 Solis
1052 2316 1165 2356 fonte
1200 2315 1305 2356 circa
1334 2315 1553 2356 Ammonis
1583 2314 1780 2369 templum

348 2386 653 2440 interpretatur,
674 2397 798 2436 quam
819 2381 963 2422 ιΗλίου
985 2381 1125 2433 κρήνην
1144 2390 1340 2422 memorat
1362 2381 1563 2422 Herodot.
1583 2395 1623 2433 4,
1645 2382 1738 2421 181.

406 2450 585 2504 Reliqua
615 2450 689 2489 Ius
717 2448 862 2489 itinera
891 2447 991 2487 nihil
1019 2448 1104 2487 fere
1133 2447 1381 2488 difficultatis
1410 2447 1574 2488 habent.
1612 2448 1783 2498 ποταμὸς

351 2519 500 2570 Αἰθίοψ
520 2516 649 2570 Niger
676 2530 705 2554 s.
729 2514 869 2570 Nigris
888 2522 964 2559 est,
985 2514 1104 2568 cujus
1123 2514 1231 2569 ripas
1252 2515 1302 2554 Io
1322 2524 1511 2555 secutura
1537 2513 1782 2567 tandemque

350 2584 402 2624 ad
425 2582 623 2638 Byblinos
638 2590 810 2630 montes,
834 2580 903 2620 ubi
924 2579 1008 2620 Nili
1029 2590 1114 2620 erat
1134 2580 1398 2630 catarrhacta,
1419 2589 1664 2636 perventura
1683 2589 1781 2619 erat.

351 2646 519 2705 Byblini
549 2657 706 2688 montes
734 2647 943 2696 dicuntur,
964 2647 1062 2702 quia
1090 2647 1145 2687 ibi
1175 2648 1336 2703 papyri,
1365 2651 1515 2699 βιβλοΰ
1535 2663 1605 2687 seu
1625 2651 1782 2698 βυβλοῦ

350 2730 524 2771 magnus
553 2723 637 2755 erat
666 2722 900 2770 proventus.
933 2714 1199 2765 Καταβασμὸς
1227 2728 1307 2754 non
1338 2723 1398 2754 est
1425 2713 1687 2764 Καταβαθμὸς
1715 2711 1782 2752 ille

349 2781 511 2822 nomine
530 2780 696 2836 proprio
716 2780 771 2820 sic
791 2778 924 2820 dictus
943 2779 985 2820 in
1006 2781 1184 2836 AEgypti
1207 2790 1248 2821 et
1269 2780 1505 2836 Cyrenaicae
1524 2779 1687 2826 finibus,
1709 2794 1781 2819 nec

348 2850 483 2904 ipsum
503 2847 589 2888 Nili
610 2847 900 2888 catarrhactam
922 2846 977 2887 sic
996 2846 1131 2887 vocari
1150 2847 1414 2893 crediderim;
1446 2846 1516 2887 sed
1540 2845 1639 2886 nihil
1665 2845 1777 2885 aliud

349 2915 389 2955 h.
413 2928 450 2956 v.
475 2913 689 2968 significari
719 2924 836 2968 puto,
859 2928 982 2968 quam
1014 2914 1227 2964 κατάβατιν
1247 2915 1442 2964 κέλευθον,
1462 2913 1566 2955 viam
1591 2927 1621 2953 s.
1642 2912 1776 2954 locum
