1898 3256
347 213 402 252 42
813 215 901 256 AN
906 215 1307 257 NOTATIONES

397 322 623 378 κινάθισμα]
658 324 784 365 Levis
813 326 1023 381 strepitus.
1065 327 1203 377 κίνημα
1234 326 1419 377 πλήθους·
1451 327 1701 379 παραγώγως·
1733 327 1774 377 ἐξ

341 389 385 429 οὗ
414 392 563 440 πλῆθος
591 392 875 443 παραγίνεσθαι
899 393 1144 434 ὑπακούεται.
1174 392 1308 434 Schol.
1331 394 1387 432 A.
1431 391 1681 448 Hesychius,
1702 392 1773 447 qui

340 455 428 496 haec
457 457 661 506 exscribit,
691 458 795 499 male
824 460 1078 512 παραγίνεται
1107 459 1241 500 habet.
1292 460 1334 500 A
1356 460 1532 508 κιναθίζω
1560 459 1775 509 formatur,

339 522 453 577 quod
474 523 659 578 Hesych.
679 524 855 580 explicat
875 540 947 580 per
965 527 1142 578 μινυρίζω
1161 535 1201 567 et
1223 525 1348 567 κινέω.
1381 526 1610 567 BLOMF.
1664 524 1771 565 κινά·

340 591 470 640 θυσμα
489 589 589 631 Ald.

400 656 492 697 128.
516 657 583 696 De
602 666 732 698 metro
751 667 858 699 recte
871 658 1075 714 judicavit
1095 653 1322 709 scholiasta,
1343 660 1364 698 ὁ
1383 658 1526 710 ῥυθμὸς
1542 657 1774 709 Ἀνακρεόν-

338 722 438 764 τειός
458 723 543 763 ἐστι
563 725 827 775 κεκλασμένος
845 725 942 777 πρὸς
962 727 1006 767 τὸ
1028 727 1263 778 θρηνητικόν.
1316 726 1466 765 Versus
1495 724 1535 764 in
1557 724 1652 764 edd.
1673 733 1770 765 vett.

338 787 393 827 sic
431 789 633 844 descripti,
672 792 855 842 μηδὲν-
879 792 885 847 Ι
910 793 1181 845 πτερύγων-
1206 791 1212 848 Ι
1237 791 1484 844 προσέβα-
1508 791 1514 846 Ι
1539 792 1717 843 μόγις-
1741 791 1747 844 Ι

338 857 673 908 κραιπνοφόροι-
697 857 704 912 Ι
731 859 929 899 κτύπου-
954 858 959 914 Ι
987 860 1028 899 ἐκ
1049 858 1138 899 3⁹——
1163 858 1169 914 Ι
1195 860 1386 909 σύθην--

397 921 487 962 128.
509 934 602 975 129.
624 922 685 962 Hi
706 938 846 964 versus
861 924 916 965 sic
936 925 1072 980 potius
1093 934 1189 965 sunt
1208 923 1416 965 dividendi

560 989 681 1039 μηδὲν
696 991 889 1045 φοβηθῇς·
922 992 1036 1042 φιλία
1055 993 1130 1043 γὰρ
1150 991 1218 1041 ἥδε
1237 989 1342 1040 τάξις

562 1056 760 1107 πτερύγων
780 1059 887 1099 θοαῖς
908 1057 1091 1108 ἁμίλλαις
1110 1055 1291 1109 προσέβα

563 1121 674 1162 τόνδε
693 1121 834 1174 πάγον,
856 1121 1090 1177 πατρῴας-

335 1185 568 1241 pariterque
602 1186 642 1227 in
673 1188 943 1244 antistropho,
976 1189 1135 1244 adjecta
1174 1198 1266 1244 post
1296 1203 1436 1229 versus
1471 1188 1633 1229 Ionicos
1665 1188 1770 1229 duos

334 1250 516 1292 clausula
535 1253 819 1295 choriambica.
879 1255 1044 1296 Primus
1063 1269 1204 1296 versus
1222 1255 1276 1295 ab
1295 1254 1479 1295 anacrusi
1500 1254 1655 1309 incipit,
1676 1256 1768 1295 ἀνα-

335 1319 511 1370 κλωμένη
533 1320 661 1361 Ionici
681 1322 824 1363 formae
843 1322 1075 1379 praeposita,

557 1386 1215 1454 υΙ-υ--ηυυ-υ-υ-υ,

334 1479 383 1520 de
403 1495 486 1535 qua
504 1481 590 1522 dixi
609 1482 661 1523 ad
684 1483 809 1539 Soph.
831 1483 934 1524 OEd.
955 1499 1042 1540 reg.
1061 1484 1159 1538 483.

393 1548 486 1589 128.
508 1550 727 1606 πτερύγων]
750 1551 858 1590 Nam
879 1564 1003 1590 curru
999 1517 1189 1590 &alitibus
1208 1548 1354 1603 juncto
1373 1546 1651 1588 advenerunt:
1683 1546 1766 1587 vid.

332 1625 372 1654 v,
394 1626 488 1668 135.
513 1625 607 1670 279.

393 1692 485 1734 130.
515 1681 694 1737 πατρῴας
722 1684 835 1735 μόγις
868 1685 998 1735 (μόλις
1028 1682 1140 1723 Rob.
1172 1690 1213 1722 et
1238 1680 1323 1721 duo
1352 1680 1491 1733 codd.)
1523 1683 1767 1732 παρειποῦσα

331 1745 500 1801 φρένας]
524 1748 646 1798 Quod
673 1764 714 1789 se
742 1748 851 1805 patri
871 1764 980 1805 aegre
999 1747 1245 1805 persuasisse
1263 1747 1417 1797 dicunt,
1438 1757 1486 1787 ut
1504 1747 1553 1787 iis
1569 1761 1767 1787 commea-

331 1821 419 1853 tum
440 1813 570 1865 daret,
591 1815 634 1856 id
654 1831 676 1856 e
695 1825 832 1857 vetere
851 1830 972 1856 sexus
998 1813 1218 1864 muliebris,
1239 1812 1444 1868 virginum
1465 1813 1663 1868 imprimis
1683 1813 1764 1854 dis-

330 1877 479 1934 ciplina
491 1881 780 1935 Judicandum.
843 1882 909 1923 Sic
938 1882 1192 1938 paedagogus
1210 1880 1442 1935 Antigones
1467 1879 1578 1935 apud
1598 1879 1766 1935 Euripi-

330 1945 421 1986 dem
457 1947 674 1999 (Phoeniss.
706 1963 745 1988 v.
776 1950 860 2002 89.)
894 1949 1001 1989 viam
1031 1946 1318 2002 circumspicit,
1350 1960 1492 1986 verens
1520 1960 1571 1986 ne
1603 1946 1696 2001 quis
1723 1946 1763 1986 in

330 2012 540 2067 publicum
560 2014 830 2069 prodeuntem
849 2015 955 2070 regis
974 2013 1099 2054 filiam
1119 2013 1333 2068 vituperet.
1369 2014 1434 2053 SC
1442 2014 1499 2053 H.

389 2092 481 2133 131.
515 2082 793 2134 κραιπνοφόροι
823 2080 865 2122 δέ
888 2080 924 2131 μ’
948 2081 1132 2133 ἔπεμψαν
1158 2080 1285 2133 αὖραι]
1311 2079 1462 2119 Versus
1490 2078 1554 2119 hic
1583 2078 1763 2119 dubitari

328 2154 463 2199 potest
494 2155 634 2187 utrum
676 2146 730 2187 sic
768 2147 820 2187 sit
859 2145 1101 2194 metiendus,
1136 2144 1166 2176 ·-'-
1182 2167 1209 2186 υ
1228 2168 1256 2185 υ
1280 2143 1288 2199 Ι
1311 2144 1341 2176 -’-
1358 2164 1385 2184 υ
1405 2166 1433 2184 υ
1451 2168 1480 2174 -
1505 2142 1512 2199 Ι
1537 2167 1564 2184 υ
1582 2142 1611 2174 -’
1629 2167 1678 2194 -,
1710 2159 1762 2185 an

328 2211 776 2268 dactylico-trochaicus
797 2213 862 2262 sit,

552 2298 1054 2357 Lvusscsl-cmffi

328 2390 426 2430 Una
444 2389 497 2429 ab
517 2389 632 2430 initio
652 2389 808 2446 syllaba
833 2399 977 2429 auctus
1007 2399 1068 2428 est
1087 2402 1228 2428 versus
1254 2399 1344 2442 135.
1376 2387 1497 2438 σύθην
1526 2386 1556 2427 δ’
1579 2386 1763 2429 ἀπέδιλος

327 2457 407 2511 ὄχῳ
427 2459 619 2511 πτερωτῷ.

387 2534 621 2577 132—134.
644 2522 705 2563 Hi
725 2537 865 2562 versus
885 2521 940 2562 sic
960 2521 1109 2562 rectius
1128 2519 1422 2568 describentur,

383 2590 525 2630 κτύπου
541 2591 616 2642 γὰρ
633 2590 716 2643 ἀχὼ
730 2588 909 2643 χάλυβος
930 2590 1056 2639 διῇξεν
1072 2587 1221 2639 ἄντρων
1238 2586 1377 2639 μυχὸν,
1396 2587 1438 2627 ἐκ
1453 2585 1483 2626 δ’
1501 2584 1645 2637 ἔπληξέ
1658 2601 1732 2637 μου

381 2658 452 2697 τὰν
473 2660 686 2708 θεμερῶπιν
706 2657 811 2697 αἰδῶ.

326 2724 420 2771 Quo
449 2732 569 2777 pacto
598 2723 662 2763 hic
693 2737 860 2778 quoque
889 2721 1047 2762 numeri
1078 2719 1207 2761 Ionici
1233 2721 1285 2759 ab
1313 2717 1497 2759 anacrusi
1522 2717 1760 2772 incipientes

324 2788 525 2830 finiuntur
544 2789 726 2830 clausula
744 2787 1026 2830 choriambica.

382 2854 746 2909 κτύπου-ἄντρων]
780 2856 920 2897 Sonus
951 2855 1059 2894 euim
1089 2867 1141 2893 ew
1155 2853 1280 2907 firri
1313 2851 1490 2892 stridore
1519 2851 1565 2890 in
1588 2854 1756 2889 antrum

324 2934 449 2975 nsque
469 2927 655 2962 nost-rum
668 2923 916 2976 penetravit.
972 2919 1127 2961 Scilicet
1143 2919 1229 2974 jam
1250 2926 1466 2971 antequam
1488 2915 1757 2956 Prometheus
