1898 3178
743 190 1102 232 PRAEFATIO.
1601 192 1630 234 9

150 306 310 355 ‚solum
346 305 562 353 lectionis
586 306 876 358 varietatem,
901 305 983 350 sed
1015 309 1065 350 et
1089 319 1115 349 e
1142 302 1276 351 Cant.
1307 321 1343 348 1.
1369 303 1545 349 scholia
1580 306 1627 349 in

160 382 325 429 Persas
348 383 690 443 descripsimus,
714 397 817 443 quae
853 380 1128 428 Stanleiana
1151 380 1329 427 scholia
1352 379 1408 425 B.
1434 380 1481 425 in
1514 379 1629 426 Pro-

158 459 403 505 metheum
426 464 476 504 et
501 458 697 519 Septem
731 458 1007 505 continuare
1040 459 1233 519 possint.
1305 457 1628 504 Pulcherrime

159 530 361 595 scriptus
381 541 454 581 est
482 550 591 580 cum
622 534 788 596 glossis
816 535 962 581 etiam
995 535 1384 588 interlinearibus‚
1409 550 1511 594 quae
1547 535 1629 580 ob-

158 617 401 656 servantur
446 613 591 658 etiam
636 613 684 658 in
724 612 857 661 Cant.
902 628 941 658 2.
982 618 1032 656 et
1074 612 1122 656 in
1162 618 1364 671 utroque
1403 627 1432 657 a
1476 612 1628 671 prima

159 703 315 733 manu.
385 687 739 749 Suprascriptus
785 695 858 735 est
904 689 1076 749 passim
1122 687 1256 736 Cant.
1297 704 1336 734 2.
1384 703 1412 734 a
1448 689 1627 733 recenti

157 779 313 818 manu,
343 765 620 826 plerumque
644 781 775 812 eraso
799 767 925 826 quod
949 766 1077 826 prius
1101 767 1328 826 scriptum
1353 766 1520 819 fuerat,
1545 766 1626 811 sed

158 842 469 888 correctiones
502 843 603 888 istae
626 858 654 888 a
685 843 846 889 codice
878 843 1011 889 bonae
1046 849 1170 889 notae
1194 844 1442 903 descriptae
1466 843 1628 888 viden-

157 923 248 971 tur,
279 918 557 979 plerumque
591 935 620 965 a
645 918 778 967 Cant.
808 937 845 965 1.
898 919 1045 965 Porro
1068 921 1117 965 in
1144 919 1277 967 Cant.
1307 937 1344 964 1.
1376 920 1482 965 finis
1514 918 1626 964 Per-

157 1010 312 1040 sarum
335 996 532 1042 mutilus
555 996 669 1041 est.''
733 996 1168 1057 Cantabrigiensem
1203 1002 1458 1056 utrumque
1481 996 1627 1041 etiam

159 1071 468 1118 Blomfieldus
490 1072 710 1132 inspexit.

230 1152 295 1192 18.
327 1146 432 1202 Ar„
455 1148 807 1194 Arundelianus
832 1148 950 1205 (sive
975 1148 1303 1208 Seldenianus)
1328 1148 1626 1194 bibliothecae

159 1224 438 1279 Bodleianae‚
475 1240 637 1270 recens
669 1224 956 1278 chartaceus,
983 1226 1042 1270 de
1065 1240 1158 1285 quo
1188 1226 1283 1270 vid.
1310 1225 1541 1270 Gaisford.
1566 1226 1626 1270 ad

159 1300 400 1362 Hephaest.
424 1317 469 1361 p.
497 1317 594 1358 242.
653 1301 823 1347 Insunt
848 1301 1172 1355 Prometheus,
1198 1301 1408 1362 Septem,
1435 1300 1602 1347 Persae.

228 1394 294 1436 19.
328 1376 524 1424 Barocc.
549 1378 604 1437 (s.
630 1378 932 1438 Oxoniensis)
957 1378 1168 1437 ejusdem
1202 1377 1501 1424 bibliothecae
1526 1396 1624 1438 231.

157 1469 319 1500 recens
343 1454 630 1510 chartaceus,
654 1457 851 1502 editioni
874 1455 1062 1501 Aldinae
1086 1455 1363 1501 simillimus.
1435 1454 1625 1501 Fabulae

158 1531 348 1576 eaedem.

223 1607 533 1654 Arundeliani
574 1615 623 1655 et
670 1609 943 1656 Barocciani
984 1616 1208 1671 excerpta
1246 1609 1445 1670 protulit
1487 1607 1626 1654 Stan-

158 1683 290 1737 leius,
313 1686 576 1731 accuratius
607 1686 804 1732 collatos
836 1687 1004 1732 habuit
1027 1686 1282 1732 Askevius.
1342 1684 1626 1731 Arundelia-

158 1776 273 1806 num
313 1762 467 1807 denuo
505 1763 709 1809 contulit
750 1763 1037 1818 Gaisfordus,
1075 1763 1417 1810 Baroccianum
1459 1761 1626 1806 Porso-

157 1853 271 1884 nus:
307 1854 506 1898 quorum
529 1841 766 1900 excerptis
789 1854 900 1886 usus
923 1848 995 1886 est
1019 1839 1342 1886 Blomfieldus.
1405 1838 1623 1897 Utroque

157 1916 204 1960 in
231 1914 426 1975 Septem
460 1916 520 1962 ad
544 1916 728 1962 Thebas
752 1917 896 1962 etiam
933 1916 1172 1962 Burtonus
1203 1923 1253 1962 et
1276 1916 1481 1961 Thomas
1505 1915 1624 1959 Bur-

155 1993 348 2052 gessius,
374 1992 661 2054 Pentalogiae
685 1995 872 2055 tragicae
896 1994 1112 2047 editores,
1138 1995 1210 2038 usi
1234 1999 1357 2039 sunt.

224 2086 293 2116 2ο.
310 2086 378 2116 21.
399 2076 426 2094 “
439 2068 644 2131 Mosq.1.
661 2077 710 2116 et
731 2088 770 2118 2.
790 2071 849 2116 de
873 2071 1042 2131 quibus
1061 2070 1342 2116 Schuetzius
1357 2069 1496 2114 vol.1.
1516 2084 1560 2129 p.
1580 2084 1621 2113 v.

224 2153 250 2171 “
268 2144 454 2207 Mosqu.
483 2163 521 2192 1.
559 2133 860 2207 Mosquensis
890 2147 1049 2194 seculo
1088 2160 1154 2206 15.
1190 2152 1274 2192 aut
1302 2163 1368 2202 14.
1405 2146 1621 2206 scriptus,

156 2222 442 2276 chartaceus,
466 2223 764 2270 bibliothecae
800 2223 1023 2270 Sanctiss.
1061 2223 1251 2284 Synodi‚
1275 2230 1369 2278 4to,
1401 2221 1496 2267 No.
1523 2237 1621 2280 259.

155 2301 205 2345 in
239 2299 363 2346 foliis
394 2317 492 2347 212.
533 2300 744 2361 AEschyli
786 2300 1124 2347 Prometheum
1160 2300 1386 2352 vinctum,
1424 2298 1620 2358 Septem

155 2376 260 2422 adv.
295 2377 495 2433 Tbebas,
531 2377 709 2431 Persas,
749 2377 985 2439 Euripidis
1026 2376 1277 2423 Hecubam
1319 2380 1369 2420 et
1400 2373 1621 2420 Orestem

156 2453 443 2499 continens.”

225 2536 251 2555 ‘⁶
273 2528 458 2590 Mosqu.
485 2547 524 2577 2.
550 2530 775 2591 Ejusdem
798 2530 1096 2577 bibliothecae
1121 2534 1222 2575 8vo.
1249 2529 1344 2574 No.
1364 2544 1464 2588 392.
1490 2527 1623 2573 char-

156 2612 332 2658 taceus,
356 2605 504 2651 folior.
530 2623 628 2653 210.
652 2606 811 2652 seculo
839 2623 905 2665 15.
929 2613 1012 2652 aut
1040 2612 1106 2651 16.
1132 2607 1345 2664 scriptus.
1394 2602 1621 2649 Continet

158 2681 404 2742 Sophoclis
437 2681 638 2742 Ajacem
673 2689 722 2729 et
758 2683 998 2729 Electram
1035 2697 1144 2727 cum
1179 2679 1389 2741 AEschyli
1428 2678 1621 2723 Prome-

156 2758 269 2804 theo
315 2764 364 2804 et
401 2757 596 2818 Septem
641 2759 746 2805 adv.
783 2759 980 2804 Thebas.
1040 2757 1300 2816 Utriusque
1346 2760 1619 2814 excerptam

158 2834 373 2880 lectionis
396 2835 674 2880 varietatem
698 2833 916 2880 Matthoez·
938 2833 1221 2880 humanitati
1246 2831 1513 2878 debemus.”

226 2928 293 2958 22.
320 2928 387 2970 23.
436 2910 542 2957 Ven.
572 2929 608 2956 1.
633 2917 682 2957 et
718 2909 824 2957 Ven.
851 2928 890 2958 2.
915 2917 1011 2957 tres
1044 2916 1242 2970 uterque
1276 2909 1458 2956 fabulas
1492 2922 1619 2953 com·
1697 2974 1700 2978 A

871 3003 901 3034 B

174 3047 208 3084 ff
